3360 5236
768 347 982 447 „je-

376 581 409 663 2)
426 581 602 665 Postquam
621 581 661 647 de
683 584 816 661 ratione,
841 601 924 666 quae
943 584 1024 648 inter
1040 581 1176 648 verbum
1194 587 1226 648 et
1242 584 1493 649 coniunctiones

272 688 448 769 intercedit,
479 688 632 769 diximus,
665 691 727 754 iam
759 689 799 755 ad
837 695 961 756 ceteras
999 708 1132 755 normas
1164 695 1195 755 et
1226 689 1355 773 regulas
1389 694 1497 756 trans-

270 796 415 863 eundum
441 801 500 875 est,
525 795 646 880 quibus
671 799 922 863 coniunctiones
947 800 1018 862 suis
1052 797 1132 863 locis
1164 803 1272 862 motae
1303 800 1399 864 certis
1425 800 1497 882 qui-

271 904 412 970 busdam
449 909 480 969 et
515 903 747 969 constantibus
784 904 921 969 sedibus
957 904 999 970 ab
1031 903 1199 969 ommibus
1236 907 1342 988 poetis
1376 905 1497 971 latinis

270 1011 420 1077 collocari
452 1009 573 1090 solent;
606 1013 793 1077 inseruntur
817 1014 903 1076 enim
930 1030 1028 1094 saepe
1055 1014 1136 1077 inter
1159 1031 1258 1077 voces
1286 1014 1497 1096 grammatice

271 1121 354 1184 inter
377 1137 413 1185 se
435 1118 647 1184 cohaerentes
664 1119 753 1184 velut
769 1117 1015 1184 substantivum
1033 1125 1063 1184 et
1080 1119 1271 1184 attributum
1287 1119 1495 1192 ladiectivum

270 1225 319 1291 vel
345 1222 555 1308 genetivum).
603 1225 648 1291 En
673 1226 835 1309 exempla:

270 1491 318 1559 Pl.
343 1491 459 1576 Amph.
483 1493 525 1558 14
551 1493 674 1560 lucrum
701 1493 735 1559 rit
759 1507 900 1578 perenne
924 1493 1021 1560 vobis
1046 1512 1177 1577 semper
1201 1499 1362 1577 suppetat.

376 1600 442 1666 334
478 1601 589 1666 metuo
614 1603 705 1667 vocis
728 1618 770 1667 ne
793 1604 895 1666 vicem
923 1600 1020 1666 hodie
1046 1601 1096 1666 hic
1122 1601 1282 1683 vapulem.

376 1707 443 1772 466
479 1710 542 1772 iam
568 1707 620 1773 ille
644 1707 718 1774 illuc
742 1708 782 1773 ad
808 1727 898 1774 erum
916 1725 1015 1791 quom
1033 1707 1302 1790 Amphitruonem
1321 1708 1497 1774 advenerit.

376 1814 441 1880 487
478 1815 568 1898 pate'r
592 1818 716 1881 curavit
742 1834 807 1880 uno
833 1822 868 1880 ut
890 1814 958 1881 fetu
982 1814 1076 1881 lieret
1319 1803 1327 1825 “

479 1941 545 1988 uno
570 1928 605 1986 ut
628 1921 738 1988 labore
763 1921 949 1988 absolveret
973 1941 1148 1987 aerumnas
1174 1921 1267 1987 duas,

378 2029 444 2094 646
480 2028 511 2093 id
539 2029 639 2095 modo
662 2029 696 2094 si
717 2029 1006 2101 mercedisldatur
1031 2029 1119 2093 mihi.

377 2135 443 2201 973
477 2135 667 2219 diligentem
694 2140 729 2199 ut
752 2154 887 2201 uxorem
913 2135 1015 2201 decet.

293 2313 347 2380 hs.
371 2313 436 2379 256
472 2313 525 2380 alii
550 2312 642 2397 quod
663 2316 747 2379 servi
773 2314 890 2380 solent.

377 2420 442 2486 947
479 2420 631 2504 plausum
656 2420 690 2487 si
711 2420 831 2486 clarum
858 2420 954 2486 datis.

287 2579 356 2647 Aul.
381 2580 442 2646 151
481 2567 589 2659 laudo,
614 2582 735 2646 malum
761 2598 860 2664 quom
884 2583 979 2646 amici
1005 2587 1096 2646 tuom
1123 2581 1217 2646 ducis
1243 2580 1374 2646 malum.

378 2687 443 2753 370
478 2686 702 2770 rapacidarum
729 2687 786 2752 uhi
807 2694 934 2753 tanturn
961 2690 1003 2752 sil
1029 2690 1060 2751 in
1086 2687 1234 2753 aedibus.

377 2793 444 2860 470
479 2788 702 2878 opulentiores
728 2797 958 2877 pauperiorum
983 2793 1069 2859 illias

475 2907 512 2966 ut
535 2900 701 2966 indotatas
725 2900 848 2967 ducant
874 2919 1007 2966 uxorem
1033 2901 1179 2967 domum.

377 3009 443 3074 614
481 3008 606 3073 salvam
633 3013 668 3072 ut
691 3007 799 3072 aulam
825 3007 886 3072 ahs
911 3014 942 3073 te
967 3005 1122 3074 auferam.

273 3169 386 3235 Bacch.
409 3168 454 3234 42
488 3169 631 3252 aliquem
657 3172 692 3232 ut
715 3167 882 3233 hominem
910 3170 1076 3251 reperiam.

361 3275 448 3342 1206
484 3277 555 3347 suis
579 3274 639 3358 qui
659 3273 738 3340 liliis
764 3274 867 3340 iecere
894 3275 1042 3340 insidias.

272 3435 362 3521 Capt
408 3435 452 3502 53
488 3454 548 3501 vos
572 3433 663 3518 quod
684 3437 830 3501 monitos
855 3434 1023 3500 voluerim.

379 3542 444 3608 202
471 3545 502 3608 in
529 3542 561 3608 re
586 3542 670 3608 mala
696 3544 808 3607 animo
831 3542 865 3606 ai
886 3540 976 3607 bono
1002 3548 1101 3620 utare,
1127 3541 1270 3606 adiuvat.

377 3650 440 3716 881
481 3668 589 3715 meum
614 3649 674 3732 qui
695 3653 833 3732 gnatum
861 3651 1025 3732 surripuit.

272 3810 343 3878 Cas.
375 3810 439 3877 107
477 3809 609 3876 uxorem
635 3814 671 3874 ut
695 3813 792 3875 istam
819 3809 947 3875 ducam.

378 3916 442 3983 657
478 3919 548 3983 viro
572 3934 658 3999 quae
681 3936 744 3983 suo
769 3919 1004 3982 interminatur.

378 4023 443 4090 800
483 4024 582 4089 huius
606 4041 705 4106 quom
730 4025 858 4107 copiam
886 4023 962 4087 mihi
989 4023 1118 4089 dedisti.

359 4132 445 4199 Χ939
483 4150 589 4197 meam
615 4137 651 4196 ut
673 4149 806 4197 uxorem
832 4133 1001 4214 aspiciam.

272 4293 349 4361 Cist.
425 4293 446 4360 3
482 4310 577 4357 soror
599 4292 633 4358 si
655 4310 725 4357 mea
751 4310 854 4358 esses.

379 4400 443 4465 655
479 4397 559 4465 haec
583 4397 674 4482 quod
694 4397 817 4464 cistella
844 4398 895 4463 hic
921 4400 1009 4463 iacet.
