3322 5236
295 555 360 621 753
395 554 509 621 harum
534 557 588 638 qui
611 564 662 622 est
686 557 842 623 dominus
867 556 1007 626 aedium.

199 660 274 728 iiec.
298 662 361 727 117
398 666 586 729 communia
611 667 759 729 omnium
784 686 862 747 qima
886 670 964 729 sunt
989 671 1127 747 patrum.

294 768 361 835 420
395 769 477 835 alias
501 776 536 833 ui
560 773 685 837 mittam
712 774 861 837 miserias
886 772 951 836 600
975 767 1101 854 (quod).

295 875 359 941 077
396 876 479 943 iranc
503 877 558 939 nbi
580 877 659 943 dixti
685 897 829 944 causam.

294 983 360 1049 840
396 983 496 1050 muita
522 985 560 1050 ex
584 1002 643 1064 qun
667 984 774 1052 torent
797 985 982 1051 commoda.

222 1107 280 1174 nd.
297 1107 359 1173 761
398 1111 469 1191 ipsa
492 1111 521 1171 si
544 1112 653 1192 cupiat
678 1110 784 1177 Salus.

189 1247 313 1317 Airan.
339 1242 420 1317 117
440 1270 506 1317 000
530 1259 564 1315 ut
589 1256 695 1319 simus
720 1258 894 1319 contentae
919 1255 997 1318 uiro.

190 1372 314 1460 Pomp.
339 1376 403 1442 123
438 1379 617 1461 quadrinas
640 1380 668 1440 si
692 1378 845 1444 haberem
873 1378 989 1443 moias.
1083 1413 1085 1417 ·

190 1498 278 1567 Νον.
304 1502 321 1565 1
358 1508 524 1584 paternam
551 1505 604 1582 qni
627 1509 755 1569 comest
779 1476 965 1585 pecuniam*

192 1623 350 1706 105111)
375 1626 440 1692 576
465 1647 567 1693 venas
591 1650 660 1691 oum
685 1628 873 1694 extenderet
897 1647 1024 1694 omnes.

297 1733 362 1798 780
396 1738 496 1800 vitam
521 1755 558 1801 ac
584 1735 747 1801 iortunam
772 1738 822 1798 oui
846 1734 1065 1801 concrederim
1089 1753 1189 1800 meas,

298 1840 379 1906 1251
420 1825 732 1925 manipnutas'quae
755 1846 838 1909 sciat
862 1861 989 1908 omnes.

297 1946 384 2012 1139
420 1952 551 2033 tempus
576 1966 654 2029 quoe
679 1951 843 2043 intorquet
867 1953 899 2015 in
926 1952 1046 2032 ipsum.

235 2068 268 2152 2)
299 2071 362 2137 231
401 2072 528 2139 illorum
553 2075 581 2136 si
605 2079 731 2158 possim
759 2078 849 2158 pacis
875 2077 979 2157 potiri.

403 2178 473 2245 iiuc
497 2180 679 2247 trahendus
703 2200 778 2248 esse
803 2181 932 2247 videtur
955 2200 1072 2247 versus
1097 2183 1244 2263 spurius:

297 2285 362 2351 442
814 2291 1013 2371 sumptibus.
1030 2289 1160 2370 magnis

404 2400 566 2493 exstructa
591 2396 741 2480 ampliter
765 2403 862 2479 atque
883 2449 890 2462 .
914 2448 921 2461 .
945 2416 1014 2458 cum
1037 2393 1265 2460 accumbimus
1291 2410 1416 2458 mensa.

191 2534 353 2605 ciceron.
379 2537 411 2617 1)
437 2539 520 2605 Arai.
545 2540 588 2605 23
612 2547 727 2624 pectus
751 2559 812 2619 nnn
837 2542 978 2605 cernitur
1001 2537 1142 2603 Orionis.

387 2644 415 2711 11.
442 2646 483 2711 10
518 2646 595 2712 ions
620 2647 702 2710 unde
725 2652 856 2713 emanat
880 2648 986 2729 aquai.

326 2748 360 2834 2)
386 2752 470 2818 Arai.
495 2753 537 2819 73
561 2753 649 2820 80115
673 2775 741 2817 cnm
766 2757 910 2820 sustinet
934 2751 1056 2818 orbem.

386 2858 476 2944 Prog.
500 2859 520 2925 2
544 2863 634 2926 tenui
660 2876 738 2939 quae
761 2859 879 2926 candet
903 2860 1035 2925 lumine.

193 2998 293 3066 Lucr.
318 2999 351 3083 1)
375 3001 384 3067 1
410 3002 475 3068 170
500 3005 652 3069 materies
677 3003 731 3065 nbi
756 3006 841 3068 inest
865 3005 1034 3085 cuiusque.

298 3108 363 3173 484
399 3109 538 3175 concilio
562 3126 640 3189 qrme
662 3116 793 3176 constat
818 3111 1060 3192 principiorum.

299 3214 364 3281 772
401 3220 549 3281 naturam
576 3222 610 3279 ni
634 3223 737 3282 mutet
762 3235 884 3282 eorum.

298 3321 364 3388 980
400 3341 475 3389 oras
499 3323 682 3402 ubicumque
705 3323 822 3389 iocaris
847 3329 1017 3389 extremas.

237 3446 259 3513 11
297 3448 362 3514 014
398 3467 519 3514 numen
545 3450 598 3528 qui
621 3449 772 3515 violarint
787 3457 797 3503 s
812 3452 933 3515 matris.

300 3555 365 3621 759
401 3559 553 3623 materies
577 3556 631 3620 ubi
656 3561 813 3641 permixta
840 3565 891 3623 est
915 3556 1012 3622 iilius.

232 3662 264 3728 111
301 3662 366 3729 110
401 3683 460 3749 pes
485 3685 553 3727 uum
578 3664 667 3730 doiet
691 3667 787 3749 aegri.

301 3769 366 3836 703
401 3772 433 3836 10
459 3770 605 3837 membra
629 3778 727 3855 atque
752 3778 842 3837 artus
867 3792 936 3834 cum
960 3770 1082 3836 diditur
1106 3789 1233 3836 omnes.

231 3877 271 3944 iV
306 3877 372 3943 353
407 3878 651 3962 quadratasque
677 3879 787 3961 procui
812 3887 917 3944 turres
942 3900 1010 3942 curu
1035 3882 1200 3944 cernimus
1226 3877 1325 3943 urbis

300 3985 366 4050 585
400 3985 480 4051 tibia
504 4002 581 4065 quos
604 3985 713 4052 tundit
737 3985 850 4070 digitis
876 3986 1005 4071 pulsata
1030 3991 1204 4052 canentum
1225 4014 1265 4034 =
1284 3983 1422 4050 111385.

300 4092 366 4158 502
402 4096 529 4175 species
554 4109 612 4172 quo
636 4094 819 4160 transuolat
842 4097 961 4160 omnis.
1360 4133 1364 4142 ·

300 4201 366 4266 825
402 4200 525 4267 lumina
550 4224 587 4264 ne
609 4201 712 4267 iacias
737 4202 916 4268 oculorum.

301 4309 366 4375 994
402 4311 539 4393 vestigia
564 4311 592 4372 si
615 4315 748 4375 teneant
773 4312 914 4375 inventa.

240 4415 267 4483 V
304 4416 370 4483 730
406 4415 520 4483 ordine
544 4438 612 4479 cum
637 4419 769 4500 possint
793 4423 858 4482 tam
885 4423 972 4483 certo
997 4470 1003 4483 .
1028 4470 1034 4483 .
1058 4470 1065 4483 .
1090 4419 1198 4484 creari.
