3322 5236
752 343 963 439 -6-

353 561 465 625 omnia
488 556 698 639 complebant
722 555 793 622 loca
816 560 966 642 tectaque
990 576 1056 640 quo
1079 558 1185 640 magis
1209 561 1323 622 aestus
1335 550 1366 635 ¹),

352 662 519 731 confertos
545 665 587 729 ita
611 665 785 729 acervatim
811 682 901 731 mors
925 662 1162 731 accumulabat

352 770 458 856 litque
498 770 772 838 consuetudinem
814 770 900 837 illam
941 770 1108 838 traiciendi
1149 770 1400 836 coniunctiones
1439 773 1471 833 et

246 897 427 962 pronomen
454 876 632 958 relativum,
664 896 762 962 quam
794 877 926 961 quidem
959 877 1121 944 licentiam
1148 881 1316 960 poetarum
1341 880 1468 941 tantum

246 988 410 1070 propriam
442 1004 519 1052 esse
549 989 655 1068 putes,
685 1004 704 1051 a
735 1003 833 1069 prosa
868 988 1017 1052 oratione
1048 1003 1255 1070 nequaquam
1287 983 1471 1063 abhorrere,

246 1111 357 1159 verum
384 1095 516 1177 penitus
552 1094 684 1158 insitam
709 1111 784 1159 esse
810 1092 910 1158 indoli
937 1093 1068 1176 linguae
1092 1092 1231 1173 latinae,
1262 1094 1325 1158 iarn
1352 1109 1470 1157 monu-

246 1202 367 1266 mentis
381 1199 458 1266 inde
471 1199 513 1266 ab
527 1201 770 1284 antiquissimis
783 1200 988 1284 temporibus
1002 1202 1141 1267 servatis
1155 1205 1264 1283 aperte
1276 1199 1470 1278 ostenditur,

246 1307 336 1373 velut
359 1305 436 1388 ,‚ne“
460 1309 603 1391 genuina
622 1308 808 1391 negationis
832 1309 1020 1374 coniunctio
1038 1309 1070 1373 in
1088 1307 1217 1391 legibus
1241 1312 1273 1374 et
1290 1306 1470 1373 interdictis

245 1413 312 1481 iere
346 1432 477 1498 semper
506 1414 547 1481 ad
581 1414 716 1481 verbum
742 1416 873 1481 traiecta
904 1420 969 1495 est;
1004 1413 1154 1481 conferas
1183 1414 1321 1497 exempli
1352 1417 1470 1500 gratia:

353 1541 370 1589 e
397 1521 467 1606 lege
492 1540 584 1589 sacra
610 1519 734 1588 Numae
754 1521 902 1606 Pompilii
927 1519 1060 1603 (fontes
1085 1525 1165 1589 iuris
1182 1522 1319 1590 Romani
1344 1525 1469 1607 antiqui

246 1629 286 1696 ed
307 1628 318 1666 ⁵
341 1628 654 1696 bruns-luommsen
680 1628 824 1714 friburgi
850 1627 964 1712 1887);

259 1783 262 1788 -
353 1736 382 1803 1.
409 1739 488 1803 vino
513 1755 628 1820 rogum
653 1754 694 1803 ne
718 1740 899 1821 respargito
945 1736 975 1803 2.
1000 1736 1112 1820 paelex
1141 1737 1287 1803 <lunonis
1317 1754 1471 1805 aram'ne

246 1846 383 1928 tangito,
430 1861 447 1910 e
476 1843 605 1928 legibus
630 1843 804 1910 duodecim
830 1843 1029 1910 tabularum:

352 1968 392 2041 1³
419 1987 561 2035 arceram
586 1986 627 2035 ne
650 1971 776 2052 tangito
801 1968 841 2041 1⁶
868 1988 933 2035 rem
960 1968 1016 2035 ubi
1038 1975 1158 2053 pacunt
1183 1975 1283 2036 orato.

352 2075 393 2148 8³
420 2094 519 2143 manu
544 2074 666 2142 iustine
681 2076 715 2142 si
729 2095 768 2143 os
784 2074 915 2161 fregerit
931 2076 1033 2143 libero
1050 2074 1181 2144 CCC...
1199 2096 1338 2161 poenam
1358 2079 1469 2144 subito

245 2182 284 2253 91
312 2183 478 2268 privilegia
503 2200 544 2250 ne
568 2186 750 2268 inroganto.

352 2290 412 2361 1οι
440 2289 617 2357 homonem
644 2297 807 2359 mortuom
834 2295 865 2357 in
892 2291 970 2358 urbe
993 2309 1034 2358 ne
1057 2292 1204 2375 sepelito.

329 2396 531 2468 'emulieris
563 2417 666 2483 genas
697 2416 738 2465 ne
762 2399 902 2466 radunto
948 2399 989 2466 ba
1014 2399 1147 2466 bomine
1173 2405 1301 2468 mortuo
1325 2419 1366 2468 ne
1389 2421 1467 2469 ossa

245 2505 352 2589 legito.
520 2516 521 2521 ’

347 2617 390 2679 ἐκ
415 2613 544 2680 decreto
569 2613 609 2679 de
634 2612 892 2680 bacchanalibus
917 2611 961 2694 (C.
984 2613 1015 2680 d.
1040 2613 1069 2680 l.
1093 2610 1133 2698 1.).

350 2719 381 2786 3.
405 2719 446 2785 de
478 2719 694 2787 Bacanalibus
724 2720 801 2801 quei
827 2719 995 2787 loideratei
1032 2727 1125 2787 esent
1158 2724 1201 2787 ita
1232 2723 1466 2791 exdeicendum

244 2844 410 2894 censuere.
895 2882 897 2887 ,
1540 2835 1543 2837 ’

328 2932 380 3000 ’7.
406 2933 508 2999 bacas
533 2935 582 2999 vir
604 2934 722 3019 nequis
745 2933 856 3000 adiese
881 2934 964 3000 velet
989 2937 1089 3001 celuis
1115 2935 1293 3003 Romanus.

351 3040 403 3107 15.
428 3060 519 3107 sacra
546 3043 577 3106 in
603 3040 762 3125 oquoltod
786 3041 1003 3126 nequisquam
1026 3041 1146 3108 iecisse
1171 3043 1263 3110 velet.

350 3147 402 3214 23.
427 3153 653 3232 senatuosque
696 3150 892 3214 sententiam
930 3149 998 3215 uter'
1030 3151 1173 3216 scientes
1209 3153 1318 3230 esetis,
1353 3170 1466 3218 eorum

245 3257 407 3321 sententia
433 3257 475 3321 ita
499 3254 569 3322 tuit
900 3250 904 3254 ’

352 3361 457 3447 litque
483 3368 518 3428 ut
541 3382 580 3428 ex
604 3365 848 3448 antiquissimis
873 3364 1044 3430 versiculis
1074 3365 1221 3448 exempla
1253 3364 1402 3447 adiciam,
1435 3369 1465 3432 in

245 3469 326 3554 Appi
352 3467 465 3535 Claudi
492 3472 665 3536 sententiis
690 3467 867 3549 (Baehrens
894 3470 924 3537 P.
950 3471 978 3539 l.
1002 3471 1046 3537 lu.
1070 3467 1123 3555 Vl)
1148 3478 1262 3538 exstat.

404 3579 545 3643 amicum
571 3594 643 3643 curn
667 3576 769 3656 vides
794 3577 987 3645 obliviscere
1013 3581 1171 3659 miserias

405 3686 558 3751 inimicus
581 3685 615 3750 ci
636 3703 672 3750 es
698 3690 907 3751 commentus
932 3704 990 3752 nec
1015 3685 1122 3752 libens
1146 3705 1258 3771 aeque.

244 3794 320 3858 etin
335 3791 526 3874 Scipionum
545 3791 661 3876 elogiis
676 3792 827 3876 leguntur
839 3790 949 3874 (carm.
961 3793 1013 3859 lat.
1023 3793 1130 3876 eped.
1140 3793 1372 3862 buechelerllr.
1382 3796 1410 3875 7,
1424 3792 1466 3877 8).

351 3984 373 4053 ¹)
393 3991 466 4045 conl.
486 3991 520 4044 ad
542 3992 684 4044 notionem
705 3997 732 4044 et
752 3992 807 4044 vim
829 3994 908 4045 vocis
922 3982 1052 4057 ‚‚aestus“
1066 3993 1187 4047 eiusdem
1210 3994 1271 4048 libri
1292 4012 1319 4049 ν.
1338 3997 1466 4065 816squ:

404 4080 456 4134 lros
476 4081 559 4148 igitur
587 4080 668 4133 tellus
696 4082 788 4134 omnis
822 4087 967 4135 exaestuat
995 4088 1098 4136 aestus.

348 4189 352 4193 ·
403 4172 565 4239 expiratque
584 4169 660 4224 toras
681 4171 707 4223 in
728 4177 853 4238 apertum
875 4177 1059 4240 promptaque
1080 4174 1155 4227 caeli.

408 4258 452 4312 Sic
476 4267 504 4313 et
522 4257 631 4313 Averna
657 4261 717 4314 loca
742 4261 854 4315 alitibus
878 4263 1051 4316 summittere
1075 4264 1176 4318 debent

403 4349 572 4403 mortiferam
594 4351 659 4414 vim,
680 4350 714 4404 de
732 4357 803 4404 terra
824 4366 894 4419 quae
913 4353 1002 4419 surgit
1022 4354 1048 4406 in
1069 4368 1159 4417 auras,

403 4445 433 4492 ut
453 4439 573 4507 spatium
596 4440 662 4493 caeli
683 4440 801 4510 quadam
822 4439 855 4493 de
875 4446 953 4509 parte
973 4449 1099 4499 venenet.
