3360 5236
290 587 355 653 136
390 587 468 652 dum
495 586 575 666 veta,
600 587 713 653 darent
737 586 883 665 1110116,
909 584 1090 650 dedissent.

289 695 355 760 223
391 693 474 778 fugit
497 712 569 760 cum
595 697 730 760 saucius
754 713 853 759 aram.

289 802 354 867 205
390 808 552 886 pererrato
578 808 705 868 statues
728 819 814 885 quoe
838 801 979 884 denique
1005 804 1119 882 ponto.

229 910 260 975 111
309 909 352 976 25
389 913 489 975 ramis
514 916 655 993 tegerem
682 917 718 975 ut
740 909 972 975 frondentibus
997 926 1080 973 aras.
1111 920 1114 926 ·

292 1017 355 1082 114
391 1037 469 1101 ergo
493 1021 579 1100 agite
605 1024 636 1083 et
660 1018 772 1083 divum
798 1018 923 1082 ducunt
947 1027 1014 1100 quo
1038 1018 1129 1079 iussa
1155 1029 1341 1095 sequamur.

290 1125 356 1190 546
392 1125 526 1191 dederat
548 1144 634 1209 quoe
659 1129 809 1191 maxima.

292 1232 357 1297 614
394 1235 638 1316 mansissetque
664 1234 788 1299 utinum
812 1232 953 1298 iortuna.

230 1357 258 1423 V
292 1357 335 1422 22
371 1363 506 1440 superat
527 1359 683 1441 quonium
709 1358 848 1424 fortuna
874 1375 1059 1440 sequamur.

296 1464 337 1529 51
376 1465 462 1530 hune
488 1484 549 1549 ego
575 1465 722 1531 Gaetulis
747 1485 876 1549 agerem
901 1466 935 1530 oi
957 1462 1108 1547 Syrtibus
1133 1459 1235 1526 exsui.

293 1571 336 1637 74
371 1575 520 1656 sequitur
542 1591 626 1654 quos
650 1579 754 1638 cetera
780 1572 895 1655 pubes,

294 1679 355 1744 121
394 1679 515 1746 domus
541 1686 630 1746 terret
652 1699 674 1745 α
696 1699 762 1764 quo
786 1681 898 1762 Sergia
925 1697 1054 1745 nomen.

295 1787 360 1852 126
395 1786 521 1853 hiberni
548 1788 695 1853 condunt
720 1786 777 1882 ubi
799 1787 905 1853 sidera
931 1787 1006 1851 cori.

294 1894 359 1959 355
396 1897 532 1977 primam
561 1898 661 1960 merui
686 1896 746 1978 qui
768 1895 863 1960 iaude
888 1911 1054 1960 coronam.

248 2073 250 2076 ,
293 2001 360 2066 439
395 2002 516 2067 celsam
542 2008 713 2086 oppugnat
736 2002 796 2086 qui
819 2001 964 2067 molibus
990 1999 1113 2065 urbem.

294 2107 360 2174 563
395 2108 484 2174 ducit
507 2127 606 2192 quum
632 2127 753 2192 paruus
778 2113 940 2175 ovantem.

295 2215 360 2281 713
395 2218 530 2281 amissis
555 2222 713 2299 superant
735 2217 794 2299 qui
816 2216 968 2281 navibus.

294 2323 360 2389 810
701 2343 852 2408 cuperem
876 2340 948 2388 cum
973 2325 1095 2386 vertere
1119 2318 1161 2384 ab
1187 2320 1253 2383 imo

394 2436 515 2497 structa
542 2434 625 2498 meis
650 2430 805 2498 manibus
831 2433 977 2515 periurae
1002 2429 1132 2493 moenia
1156 2424 1279 2491 Troiae.

233 2555 272 2621 Vi
320 2555 363 2621 36
398 2554 484 2622 iatur
507 2575 593 2641 quae
616 2558 691 2622 16116
717 2559 792 2640 regi.

296 2662 361 2729 373
397 2668 504 2748 coepit
527 2682 599 2731 cum
624 2666 699 2730 talia
725 2671 826 2730 vates.

212 2787 263 2854 Vii
318 2787 358 2853 71
396 2793 497 2856 castis
522 2789 633 2857 adolet
655 2790 733 2856 dum
757 2791 870 2856 altaria
895 2789 1010 2855 taedis.

295 2896 362 2962 528
396 2895 518 2963 iiuctus
544 2901 588 2963 uti
615 2901 721 2981 primo
746 2900 854 2981 coepit
876 2914 949 2963 cum
973 2896 1138 2962 albescere
1163 2899 1270 2960 vento.

296 3003 362 3070 532
399 3011 549 3071 natorum
574 3005 686 3088 Tyrrhi
712 3004 818 3071 iuerat
840 3005 900 3088 qui
924 3006 1088 3069 maximus
1113 3003 1209 3068 aimo.

202 3127 265 3193 Viil
290 3128 353 3194 271
738 3149 822 3214 quae
847 3131 989 3196 maxima
1015 3146 1145 3211 semper

396 3236 521 3303 dicetur
546 3236 643 3302 nobis
669 3242 700 3303 et
724 3241 784 3302 erit
806 3254 891 3320 quoe
917 3239 1058 3301 maxima
1084 3253 1222 3318 semper.

297 3342 364 3409 340
399 3346 516 3410 cecinit
539 3362 625 3428 quoe
649 3348 751 3428 prima
776 3342 1111 3419 tuturosfrieneadas
1137 3359 1287 3426 magnos

298 3450 363 3516 454
399 3450 479 3516 11666
504 3457 594 3535 pater
618 3451 741 3518 Aeonis
767 3457 917 3534 properat
941 3452 1019 3517 dum
1045 3451 1198 3516 Lemnius
1223 3450 1298 3514 oris

297 3557 364 3624 560
399 3577 419 3624 o
445 3558 523 3624 mitri
550 3561 742 3642 praeteritos
768 3557 883 3624 1616161
907 3560 940 3624 sr'
961 3557 1115 3641 ‹iuppiter
1138 3574 1257 3623 annos.

298 3664 364 3731 650
399 3672 532 3748 pontem
558 3666 692 3731 auderet
714 3667 794 3750 quio
810 3660 934 3732 ’1611616
958 3663 1081 3732 Coeles.

237 3788 274 3856 ΙΧ
320 3790 363 3855 93
399 3798 529 3874 torquet
552 3792 612 3874 qui
634 3791 742 3857 sidera
770 3792 893 3858 muudi.

300 3897 363 3963 135
398 3901 532 3982 tetigere
557 3898 647 3982 quod
668 3897 899 3972 arvaliertiiis
924 3900 1090 3965 Ausoniae
1114 3899 1224 3965 Troes,

248 4023 273 4089 X
295 4023 360 4089 334
396 4029 556 4090 steterunt
580 4042 666 4108 quoe
690 4027 720 4090 in
747 4044 882 4108 corpore
907 4025 1040 4092 Graium
1068 4025 1169 4091 iliacis
1195 4028 1331 4109 campis.

299 4130 364 4219 311
399 4130 557 4198 iuuene
581 4132 731 4215 pearuus.
928 4116 930 4120 “

299 4238 363 4303 381
402 4258 523 4322 magno
548 4240 637 4305 veiiit
659 4239 737 4306 dum
763 4241 907 4324 pondere
932 4261 1060 4307 saxum.

304 4346 370 4412 476
406 4349 507 4412 umeri
533 4354 674 4430 surgunt
697 4366 763 4431 qua
786 4351 931 4431 tegmina
956 4369 1096 4415 summa.

299 4454 362 4519 531
399 4457 524 4537 argenti
550 4460 647 4538 atque
672 4458 750 4535 auri,
776 4474 940 4522 memoras
963 4475 1058 4540 quoe,
1082 4456 1184 4525 multa
1208 4456 1339 4524 talenta.
