3360 5236
913 352 957 418 86

427 567 493 634 116
527 570 730 635 extremuni
753 568 816 635 sub
840 568 908 635 line
932 567 1081 635 laborum
1107 566 1179 633 uela
1202 566 1338 633 traham.

427 675 494 742 282
528 694 635 759 genus
660 675 741 738 unde
766 694 871 743 novae
895 677 1008 759 stirpis
1033 679 1210 741 revocetur.

427 782 493 848 383
529 787 659 849 centum
683 804 761 866 qima
785 783 896 864 silvas,
922 787 1053 849 centum
1078 802 1157 866 quoe
1178 778 1317 846 flumina
1343 784 1484 847 servant.

428 889 494 956 394
903 891 1060 957 immania
1085 889 1172 952 cuiue

534 1001 681 1064 armenta
707 1002 739 1063 et
763 1001 868 1081 turpis
894 999 999 1081 pascit
1024 995 1087 1062 sub
1112 997 1240 1079 gurgite
1265 994 1399 1078 phocas.

428 1122 493 1188 520
529 1127 658 1205 spretae
683 1119 839 1188 Ciconum
864 1143 923 1205 quo
947 1142 1072 1186 monere
1098 1126 1219 1186 matres

535 1279 605 1295 ...
633 1230 784 1295 iuvenem
810 1247 961 1312 sparsere
986 1246 1043 1312 per
1065 1246 1173 1311 agros.

428 1352 494 1419 523
529 1357 669 1436 capula
694 1355 817 1420 cervice
843 1353 1008 1419 revulsum
1034 1354 1162 1436 gurgite

536 1481 605 1523 oum
633 1459 742 1526 medio
767 1465 903 1543 portans
928 1458 1088 1544 Oeagrius
1116 1456 1246 1524 llebrus
1271 1458 1424 1523 volveret.

428 1566 494 1632 560
528 1565 648 1633 Caesar
671 1565 746 1630 dom
771 1585 914 1651 magnus
938 1566 978 1633 ad
1004 1567 1105 1632 altum
1131 1563 1284 1631 fulminat
1301 1564 1507 1648 Euphratem.

323 1708 427 1776 heml
474 1709 495 1775 5
951 1728 1058 1794 genus
1084 1709 1166 1772 uode
1190 1707 1336 1774 Latinum

536 1816 718 1900 Albanique
743 1822 852 1901 patres
877 1822 975 1901 atque
1000 1816 1083 1883 altae
1109 1817 1239 1883 moenia
1265 1815 1395 1883 Romae.
1533 1891 1534 1894 Ἴ

430 1923 496 1990 100
530 1943 619 2006 saxa,
643 1929 762 1990 vocant
786 1923 852 1990 Itali
879 1924 998 1991 mediis
1021 1946 1100 2008 quoe
1124 1927 1155 1989 in
1173 1923 1331 1990 fluctibus
1355 1922 1445 1989 bras.

431 2030 494 2096 181
960 2031 1086 2099 Anthea
1110 2033 1226 2115 siquam

538 2140 692 2203 iactatum
717 2143 817 2204 uento
842 2138 951 2204 videat
975 2138 1198 2223 Phrygiasque
1223 2138 1372 2205 biremes.

430 2261 496 2328 665
532 2264 634 2346 patris
659 2264 781 2329 summi
805 2263 860 2346 qui
882 2262 945 2329 tela
969 2262 1124 2347 Typhoea
1148 2265 1279 2329 temnis.

430 2367 494 2435 667
531 2368 630 2436 irater
663 2374 698 2432 ot
729 2368 857 2436 Aeneas
892 2369 1010 2454 pelago
1045 2376 1123 2436 tuus
1159 2372 1269 2436 omnia
1305 2372 1425 2436 circum

539 2476 631 2541 litora
657 2477 801 2542 iactetur.

392 2618 412 2684 ll
474 2619 495 2684 4
529 2618 689 2684 Troianas
704 2623 738 2680 nl
756 2636 838 2701 opes
854 2623 885 2684 et
907 2618 1115 2685 lamentabile
1129 2639 1265 2703 regnum
1289 2621 1429 2685 eruerint
1443 2619 1554 2687 Danai.

453 2726 495 2792 22
532 2725 648 2791 Priami
661 2724 736 2788 dom
749 2743 848 2809 regna
863 2725 1042 2792 manebant
1056 2726 1099 2792 90
1113 2725 1235 2792 invidia
1242 2732 1409 2810 postquam
1420 2726 1554 2810 pellacis

539 2830 629 2898 Uixis
653 2883 660 2898 .
685 2883 691 2898 .
716 2834 891 2898 concessit.

432 2938 497 3005 163
982 2941 1104 3024 impius
1129 2960 1165 3002 ex
1189 2960 1248 3023 quo

537 3045 682 3129 Tydides
707 3045 765 3111 sed
792 3047 879 3111 enim
905 3045 1132 3130 scelerumque
1157 3049 1309 3112 inventor
1332 3045 1441 3113 Ulixes

538 3204 700 3220 ......
725 3154 907 3237 corripuere
932 3172 1058 3219 sacram
1083 3152 1237 3238 elligiem.

431 3257 496 3326 184
532 3258 675 3343 elligiem
702 3265 854 3340 statuere,
880 3260 973 3327 neias
997 3282 1076 3344 quoe
1099 3263 1190 3327 triste
1215 3263 1325 3345 piaret.

432 3384 497 3450 379
533 3387 749 3468 improvisum
775 3387 884 3468 aspris
907 3385 1003 3447 ualidi
1018 3387 1072 3468 qm'
1095 3384 1247 3451 sentibus
1271 3404 1412 3469 anguem

540 3494 661 3575 pressit
685 3492 775 3557 humi
801 3494 920 3559 nitens.

431 3616 496 3682 507
533 3616 623 3683 urbis
647 3616 696 3679 uti
718 3620 832 3699 captae
856 3618 970 3682 casum
995 3617 1220 3701 convulsaque
1244 3616 1326 3682 vidit

539 3723 651 3789 limina
676 3728 845 3790 lectorum.

377 3848 410 3916 lll
457 3847 501 3915 10
535 3850 629 3915 litora
653 3869 722 3912 otim
747 3851 900 3932 patriae.
925 3902 931 3915 .
956 3901 963 3915 .
989 3849 1146 3934 relinquo.

433 3973 496 4039 107
533 3975 698 4039 maximus
723 3972 805 4035 orode
829 3980 927 4056 pater,
953 3977 979 4039 si
1007 3977 1063 4040 rite
1087 3974 1199 4039 audita
1225 3974 1375 4041 recordor

538 4078 682 4145 Teucrus
706 4130 713 4144 .
738 4131 744 4144 .
769 4131 776 4145 .
800 4085 852 4145 est
875 4079 1043 4146 advectus.

432 4200 497 4268 168
531 4201 714 4285 dasiusque
739 4209 838 4287 pater,
862 4222 1012 4287 genoso
1037 4225 1095 4287 quo
1121 4207 1265 4288 principe
1291 4211 1450 4272 nostrum.

432 4306 494 4375 301
533 4308 712 4376 sollemnes
736 4330 804 4373 ιιιιιι
828 4308 912 4377 lorte
936 4310 1039 4393 dapes
1064 4315 1095 4376 el
1119 4313 1223 4377 tristia
1249 4311 1335 4378 dona

538 4468 545 4483 .
570 4469 576 4482 .
600 4467 608 4482 .
633 4415 756 4482 libabat
779 4418 877 4483 cineri
902 4415 1138 4483 Andromache.
