3360 5236
857 348 900 417 92

771 440 983 449 *m*

308 579 347 646 Vi
372 581 438 647 310
472 581 589 665 frigida
613 605 682 644 curu
701 587 794 648 ¹venti
822 586 946 666 pepulit
970 587 1021 649 vis
1048 587 1160 650 missa.

259 705 357 813 frop.
383 706 422 772 111
447 707 495 777 ln
533 709 606 792 equi
632 707 706 769 deum
733 711 844 773 saucia
871 712 1011 792 protegit
1035 728 1101 776 ora.

263 830 356 914 Verg.
382 832 459 897 Aen.
484 831 549 902 Vin
591 832 740 897 Dardana
768 835 821 911 oui
846 833 970 898 Paridis
996 834 1109 900 direxti
1136 836 1209 901 teia.
1276 892 1279 897 ,

370 938 435 1004 204
471 940 613 1005 discolor
640 940 723 1002 unde
745 943 813 1005 auri
841 959 898 1023 per
925 960 1034 1006 ramos
1059 960 1137 1007 aura
1163 941 1298 1008 refulsit.

352 1045 418 1111 353
453 1051 507 1112 tua
532 1069 570 1109 ue
594 1046 733 1129 spoliata
759 1050 859 1112 annis
884 1067 1024 1113 excussa
1042 1049 1398 1133 magistrosdeiiceret.
1440 1069 1442 1071 ’

288 1170 421 1236 1111263
458 1174 559 1237 nostri
584 1173 612 1234 ai
635 1177 725 1237 tanta
751 1173 872 1255 cupido
897 1179 957 1238 est.
987 1208 988 1211 π

309 1296 423 1373 Χ1011
459 1317 563 1368 rerum
589 1300 640 1361 cni
664 1301 767 1380 prima
794 1305 951 1380 potestas.
989 1346 992 1354 ·
1197 1379 1199 1383 ¹

263 1420 372 1487 iiorat.
397 1425 491 1504 epist.
516 1422 535 1488 11
561 1423 620 1493 215,
662 1433 766 1489 cetera
793 1426 847 1502 oni
872 1427 956 1490 uitae
981 1431 1125 1489 seruaret
1151 1427 1272 1489 munia.

264 1545 368 1613 Aetna
391 1548 454 1612 601
492 1549 675 1623 nuiiascurn
699 1556 789 1614 tanta
815 1603 821 1613 .
848 1592 883 1613 .-.
910 1550 1095 1632 spect-acula
1120 1569 1243 1615 cernes.
1269 1592 1270 1595 =

371 1743 453 1809 iiuic
483 1748 685 1810 traiectionis
716 1749 826 1827 generi
861 1746 1108 1811 adnumeranda
1138 1765 1213 1811 esse
1239 1745 1317 1810 mihi
1342 1746 1494 1814 videntur

265 1849 391 1933 aliquot
422 1851 580 1934 exempla,
618 1855 648 1917 in
683 1853 805 1937 quibus
838 1853 1012 1935 particulae
1045 1860 1076 1918 et
1108 1871 1289 1937 pronomen
1323 1853 1491 1919 relativum

265 1957 397 2023 duabus
426 1961 602 2041 cinguntur
626 1959 765 2024 vocibus
789 1963 1000 2043 grammatice
1026 1963 1220 2039 coniunctis,
1250 1958 1309 2025 sed
1335 1978 1400 2025 non
1426 1967 1492 2025 tam

265 2070 332 2130 arte
357 2068 542 2132 coniunctis
567 2086 666 2150 quam
692 2070 722 2152 in
749 2067 1021 2133 antecedentibus
1040 2067 1206 2149 versibus;
1231 2067 1292 2132 aiia
1318 2069 1404 2133 enim
1431 2086 1493 2132 vox

267 2191 429 2238 unacum
456 2174 611 2256 particuia
638 2177 720 2239 inter
745 2178 878 2240 nomina
904 2175 955 2240 iiia
982 2178 1121 2257 ponitur.
1537 2163 1539 2167 ⁴

266 2349 384 2417 Plauti
412 2352 524 2418 Bacch.
550 2354 591 2418 14
627 2372 758 2417 suam
753 2370 800 2430 pu
826 2371 905 2417 auro
930 2355 1030 2443 vitam
1057 2352 1212 2418 venditat.

268 2475 351 2542 Pers.
376 2477 441 2542 256
476 2481 600 2561 argenti
628 2481 730 2543 mutui
758 2480 841 2542 urei
868 2479 975 2561 egenti
1002 2452 1098 2559 opem
1125 2442 1280 2543 adieram.

211 2674 213 2677 .
267 2600 398 2668 Poenui.
423 2602 509 2668 1175
545 2603 752 2668 delubrum<
743 2605 797 2681 qni
822 2603 919 2668 nodie
944 2611 1143 2705 ornatum..

266 2727 350 2793 irin.
374 2729 417 2793 68
453 2728 549 2793 maiis
574 2717 604 2793 te
630 2735 663 2790 ut
652 2695 795 2794 tverbis
822 2727 933 2792 moitis
961 2697 1098 2792 muitum
1125 2727 1316 2818 obiurigem

373 2835 439 2900 529
474 2836 598 2918 argenti
625 2852 714 2913 prium
740 2834 815 2899 aiibi
843 2837 964 2899 messis
991 2840 1185 2900 maxumast.

268 3012 370 3079 Ennii
396 3033 415 3078 v
440 3013 506 3078 236
543 3033 696 3097 magnam
721 3036 789 3075 nun
815 3013 925 3078 iassus
951 3013 1013 3077 diei
1040 3020 1163 3096 partem
1189 3012 1318 3077 fuisset.
1389 3041 1392 3046 ·

373 3121 438 3186 314
474 3141 590 3204 equus,
615 3125 723 3205 spatio
748 3123 801 3213 oui
825 3140 924 3203 saepe
949 3140 1104 3202 supremo
1129 3123 1207 3185 vicit
1230 3118 1389 3202 Olympia.

269 3317 366 3384 Lucr.
392 3316 469 3382 133
505 3321 535 3383 in
561 3321 720 3402 gremium
747 3321 800 3396 oui
825 3337 923 3400 saepe
949 3324 1041 3382 tuum
1068 3337 1103 3381 se
1128 3318 1225 3381 reicit.

396 3425 440 3490 62
474 3424 618 3491 humana
633 3420 718 3491 'ante
743 3425 858 3491 oculos
883 3414 978 3491 foede
1003 3447 1070 3487 ram
1095 3427 1160 3488 vita
1187 3426 1310 3489 iaceret.

376 3533 440 3597 100
476 3537 582 3598 exitus
608 3539 640 3596 ui
664 3532 761 3598 classi
787 3533 863 3598 ieiix
887 3532 1085 3614 faustusque
1110 3530 1248 3595 daretur.

375 3640 440 3705 589
476 3643 583 3706 uariae
608 3641 757 3705 uolucres
783 3646 816 3702 ut
841 3643 871 3704 in
898 3639 1012 3705 ordine
1037 3644 1173 3720 cunctae
1198 3637 1386 3702 ostendant.

375 3748 439 3813 661
475 3767 513 3813 ex
540 3746 637 3813 mulia
662 3746 766 3814 tacere
793 3747 876 3812 idai
900 3753 988 3828 parte
1015 3750 1189 3827 reparcent.

375 3856 441 3921 989
741 3860 905 3937 praeterea
931 3855 1074 3935 spatium
1100 3853 1241 3916 summai
1267 3853 1370 3916 totius
1395 3869 1493 3916 omne

475 3963 620 4045 undique
643 3965 671 4025 ‘si
696 3964 858 4027 inclusum
884 3962 980 4026 certis
1005 3961 1200 4025 consisteret
1225 3961 1300 4024 oris.

296 4127 299 4132 ,
330 4088 350 4154 11
376 4087 441 4153 194
476 4107 493 4153 e
520 4094 634 4153 nostro
659 4109 728 4150 cunr
755 4088 880 4151 missus
905 4103 1040 4167 corpore
1065 4080 1204 4167 sanguis
1230 4086 1356 4149 emicat.

380 4195 445 4260 889
594 4277 596 4281 Ι
722 4193 847 4275 iapides
872 4197 904 4257 et
929 4192 1016 4274 ligna
1042 4195 1073 4255 et
1097 4197 1179 4256 terra
1205 4189 1375 4269 quodum

476 4304 574 4367 mixta
599 4309 708 4367 tamen
736 4305 911 4383 nequeunt.

361 4429 446 4494 1168
476 4429 647 4511 antiquum
673 4446 779 4513 genus
805 4431 839 4490 ut
863 4427 981 4507 pietate
1007 4423 1164 4506 repletum
1190 4422 1435 4489 ...tolerarit
