3360 5236
280 943 457 1029 Postquam
483 948 735 1012 coniunctiones
761 949 792 1010 in
812 949 986 1011 sententiis
1004 945 1209 1012 secundariis
1228 951 1404 1028 usurpatas

173 1053 346 1135 variasque
371 1050 496 1117 iormas
522 1053 635 1118 harum
662 1071 780 1117 vocum
806 1055 1007 1118 traiectionis
1033 1052 1315 1136 perlustravimus
1340 1053 1425 1121 iam.

172 1157 213 1223 ad
240 1159 415 1241 particulas
441 1161 472 1224 in
498 1162 679 1225 enuntiatis
704 1162 866 1243 primariis
892 1163 1020 1243 positas
1044 1163 1235 1225 transimus

281 1264 385 1350 Atque
411 1273 446 1332 ut
471 1269 598 1332 initium
624 1264 786 1332 iaciamus
818 1287 855 1333 ex
884 1267 1176 1333 coniunctionibus
1200 1266 1406 1349 copulativis‚

173 1375 297 1454 optime
314 1372 478 1457 liauptius
503 1373 743 1439 demonstravit
760 1373 921 1440 Catullum
941 1374 1089 1440 nondum
1111 1372 1180 1455 „et“
1200 1375 1406 1439 coniunctio-

175 1481 227 1544 nis
251 1482 440 1546 traiectione
467 1500 563 1546 usum
598 1500 682 1546 esse.
741 1480 835 1556 Quod
869 1499 946 1547 uero
978 1483 1026 1546 vir
1057 1479 1108 1546 ille
1139 1481 1356 1546 doctissimus
1387 1498 1405 1543 a

175 1585 320 1652 lucretio
354 1587 438 1654 lianc
471 1587 661 1670 particulam
695 1589 861 1652 traiectam
894 1607 969 1653 esse
1006 1590 1129 1661 statuit,
1165 1593 1249 1653 recte
1274 1586 1405 1668 liauptii
1524 1642 1527 1646 .
1558 1619 1560 1624 ·

174 1692 409 1775 opusculorum
444 1694 549 1760 editor
579 1693 849 1759 Wilamowitzius
885 1693 979 1760 ialsis
1015 1694 1176 1760 editorum
1209 1696 1406 1759 coniecturis

174 1819 249 1865 eum
275 1801 448 1884 deceptum
474 1821 550 1867 esse
575 1801 759 1882 adnotavit;
785 1802 950 1868 lucretius
976 1806 1007 1866 in
1026 1803 1086 1867 hac
1104 1822 1136 1867 re
1153 1805 1302 1867 omnium
1322 1803 1406 1865 anti-

174 1908 325 1989 quiorum
356 1914 525 1990 poetarum
559 1928 667 1988 usum,
698 1912 752 1992 qui
781 1908 850 1986 „et“
885 1912 1151 1974 coniunctionem
1182 1927 1312 1990 semper
1343 1925 1406 1972 suo

92 2043 96 2048 -
175 2012 247 2079 loco
279 2022 470 2097 posuerunt,
501 2023 636 2082 secutus
672 2022 731 2082 est.
790 2017 828 2081 m
854 2015 1026 2099 Vergilius
1057 2016 1221 2095 limatius
1248 2014 1407 2081 Tibullus,

176 2120 362 2204 Propertius
386 2126 584 2206 saepissime
609 2125 803 2189 traiecerunt
829 2123 912 2188 hanc
938 2122 1139 2205 particulam.

283 2227 360 2294 Post
386 2231 493 2312 ipsum
520 2229 654 2295 uerbum
681 2232 884 2312 transposita
909 2239 960 2295 est
985 2233 1015 2295 in
1042 2230 1094 2295 his
1119 2229 1284 2295 versibus:

175 2350 282 2436 Verg.
307 2353 353 2418 ecl
379 2353 426 2418 3u
454 2353 548 2420 mella
573 2354 679 2419 iluant
704 2354 756 2433 illi,
781 2353 862 2419 ierat
887 2360 914 2415 et
939 2355 1041 2419 rubus
1063 2373 1160 2437 asper
1183 2373 1362 2419 amomum.

287 2461 336 2524 ‹iu
373 2461 499 2527 occidet
524 2461 578 2543 εν)
604 2480 741 2544 serpens
767 2467 799 2527 et
824 2461 920 2526 laliax
946 2461 1045 2527 herba
1071 2513 1077 2527 .
1102 2516 1109 2526 .
1134 2514 1140 2527 .
1165 2461 1300 2528 occidet.

287 2568 336 2631 Su
374 2574 496 2634 certent
520 2574 548 2630 er
571 2571 684 2650 cycnis
710 2569 824 2635 ululae.

288 2675 359 2739 tun
397 2682 515 2742 nocent
541 2682 569 2738 et
592 2675 745 2760 irugibus
771 2676 914 2741 umbrae.

176 2799 285 2863 georg.
311 2780 320 2845 i
346 2805 387 2842 no
424 2781 601 2848 dicendum
628 2789 664 2863 et,
689 2802 774 2866 quae
799 2836 805 2848 .
829 2835 867 2848 ..

178 2885 254 2952 Aen.
280 2887 288 2953 l
313 2911 353 2949 ui
393 2889 492 2954 uultis
517 2896 545 2950 et
570 2891 621 2955 hic
647 2909 774 2955 mecum
801 2889 974 2956 considere
999 2894 1118 2972 regnis.

266 2993 377 3061 11426
408 2996 546 3061 caditat
572 2995 720 3080 Rhipeus
746 2999 953 3062 iustissimus
979 3016 1076 3063 unus.

256 3101 288 3168 lli
314 3104 379 3168 469
415 3109 494 3169 sunt
518 3110 546 3166 u
571 3123 631 3169 sua
657 3104 744 3169 dona
771 3108 906 3188 parenti.

317 3211 383 3276 668
418 3214 577 3278 verrimus
602 3217 631 3273 ot
654 3215 747 3295 proni
773 3212 975 3277 certantibus
999 3231 1142 3295 aequora
1167 3215 1275 3278 remis.

240 3317 290 3382 Vll
316 3316 378 3382 761
417 3319 484 3385 ibat
508 3325 535 3381 ei
560 3317 725 3402 Hippolyti
752 3318 860 3401 proles
887 3319 1111 3403 pulcherrima.

224 3424 287 3489 Vlll
356 3426 377 3490 9
414 3429 551 3492 mittitur
575 3432 602 3488 et
628 3429 737 3509 magni
764 3426 913 3491 Venulus
938 3425 1172 3522 Diomedisad
1200 3426 1322 3492 urbem.

312 3532 377 3597 630
413 3532 533 3599 lecerat
557 3539 584 3595 et
609 3534 701 3598 uiridi
728 3532 829 3598 letum
856 3533 1017 3599 biavortis
1043 3535 1074 3598 in
1100 3539 1203 3599 antro

254 3638 289 3703 lX
315 3638 378 3705 124
556 3640 745 3723 obstipuere
773 3642 894 3706 animis
921 3640 1028 3706 Rutuli
1054 3646 1226 3706 cunctatur
1248 3646 1276 3702 et
1299 3644 1409 3706 amnis

421 3765 516 3812 rauca
542 3766 668 3812 sonans
694 3753 890 3830 revocatque
915 3746 1032 3830 pedem
1057 3746 1241 3813 Tiberinus.

315 3853 379 3917 136
415 3859 545 3919 suntet
570 3873 641 3919 mea
667 3861 779 3919 contra
805 3852 871 3918 lata
898 3855 986 3919 milri.

261 3959 294 4023 X.
309 3959 375 4025 353
577 3963 713 4026 accurrit
738 3961 880 4026 llalaeus
900 3961 1136 4047 Auruncaeque
1162 3980 1290 4041 manus,
1320 3961 1410 4028 subit

420 4073 448 4129 et
473 4067 633 4152 Neptunia
660 4069 778 4152 proles

181 4192 391 4199 ’,ῃ-.-

290 4242 310 4307 ¹)
340 4248 536 4302 Difficillimum
565 4250 709 4316 permultis
738 4251 763 4302 in
792 4251 925 4316 exemplis
952 4259 993 4303 est
1014 4251 1172 4314 diiudicare,
1200 4258 1290 4304 utrum
1312 4257 1410 4318 poetae

181 4328 242 4403 „et“
264 4355 314 4406 pro
332 4328 451 4403 ‚,etiam“
480 4341 677 4406 usurpaverint
707 4355 799 4401 necne,
845 4339 912 4392 ilinc
940 4339 1060 4393 fortasse
1088 4355 1155 4393 usus
1183 4341 1226 4393 ille
1253 4342 1358 4394 invasit
1384 4347 1410 4395 et
1500 4382 1502 4386 Α

183 4431 362 4497 percrebruit.
