3360 5236
640 350 848 467 -ee-

126 582 258 653 031311
283 583 353 651 1033
390 584 528 651 lractum
553 585 613 668 qui
634 587 753 652 veteris
779 584 895 669 pedem
927 585 1053 670 grabati

332 696 364 759 in
390 692 474 759 collo
499 692 562 758 sibi
588 693 747 760 collocare
773 698 896 777 posset.

233 801 289 867 513
341 802 463 868 misero
486 800 578 884 quod
599 819 717 868 omnes
742 803 837 885 eripit
860 819 983 868 sensus
1008 799 1097 866 mihi.

232 908 395 974 6433331333
417 914 595 992 postquam
620 916 748 975 maesto
774 906 919 991 proludit
944 913 1074 992 pectore
1098 925 1208 975 voces.

276 1034 445 1081 33333333
468 1033 569 1099 quom
592 1015 689 1083 lestis
715 1018 1003 1082 venissentsacra
1028 1014 1157 1082 diebus.

233 1122 288 1188 1113
324 1124 436 1188 omnia
460 1123 520 1205 qui
542 1124 652 1207 magni
679 1123 822 1206 dispexit
846 1122 970 1188 lumina
996 1122 1121 1190 mundi.

276 1252 288 1290 3
325 1229 504 1295 flammeus
528 1235 564 1295 ut
587 1228 690 1313 rapidi
717 1229 799 1296 solis
825 1232 912 1296 nitor
934 1228 1137 1296 obscuretur.

233 1336 302 1403 13133
326 1335 500 1420 languidor
523 1342 634 1403 tenera
658 1337 713 1403 cui
734 1337 884 1420 pendens
908 1336 1012 1403 sicula
1038 1338 1121 1403 beta.

277 1443 430 1510 33113303
454 1462 555 1527 quom
580 1444 669 1510 molli
696 1446 851 1528 percurrit
874 1444 1012 1510 flumine
1037 1443 1132 1511 11313.

233 1550 490 1634 68333013311303
515 1557 551 1616 ut
573 1551 652 1617 caeli
678 1556 834 1617 tereretur
858 1553 956 1617 ianua
981 1550 1077 1618 divis.

126 1693 235 1778 Verg.
252 1695 308 1760 ecl.
334 1694 381 1759 133
408 1693 460 1760 1313
487 1712 589 1760 33303
613 1694 668 1759 cui
690 1700 802 1761 303133
828 1693 899 1760 dies
923 1693 1036 1782 3113313
1061 1693 1198 1761 fumant.

256 1803 304 1868 833
331 1804 484 1884 coniugis
521 1808 558 1867 ut
592 1805 730 1887 magicis
762 1820 865 1869 sanos
897 1808 1041 1869 33331333
1071 1803 1360 1889 sacrislexperiar

332 1927 464 1975 sensus.

126 2053 235 2119 georg.
261 2033 384 2100 111481
409 2034 501 2100 13333
525 2033 604 2100 dum
629 2036 723 2101 nivea
749 2032 970 2101 circumdatur
994 2033 1095 2100 infula
1120 2037 1210 2101 31113.

128 2159 206 2225 Aen.
230 2159 239 2224 l
263 2159 306 2223 99
330 2177 452 2224 saevus
477 2157 534 2224 ubi
555 2157 714 2225 Aeacidae
737 2159 803 2226 telo
829 2161 911 2226 iacet
934 2158 1062 2226 ilector.

234 2265 300 2332 394
324 2265 467 2332 aetheria
496 2282 581 2349 quos
612 2265 705 2350 lapsa
730 2266 826 2351 plaga
849 2265 946 2332 <lovis
970 2265 1039 2333 3133
1063 2272 1177 2351 aperto
1200 2266 1355 2335 turbabat

334 2372 433 2439 caelo.

156 2480 207 2546 Vll
233 2480 298 2547 148
322 2485 453 2563 postera
477 2496 550 2545 cum
575 2481 677 2562 primo
700 2479 861 2547 lustrabat
885 2480 1035 2564 lampade
1060 2485 1163 2547 terras
1186 2486 1257 2547 orta
1275 2480 1348 2548 dies

188 2588 212 2654 Χ
236 2587 428 2653 5891313113
452 2584 509 2651 ubi
531 2585 677 2651 infausto
701 2589 915 2652 committitur
939 2589 1049 2653 omine
1074 2605 1193 2671 pugna.

235 2694 298 2760 151
325 2699 452 2776 raptum
479 2709 551 2759 cum
575 2691 664 2759 iulva
690 2692 865 2760 draconem
875 2693 959 2770 liert
982 2695 1100 2778 aquila.

144 2801 210 2869 Cul.
257 2801 299 2867 47
325 2801 432 2867 lucida
456 2818 523 2884 quo
548 2801 679 2884 patulos
704 2801 857 2867 velabant
880 2804 1028 2886 gramina
1053 2802 1164 2869 colles.
1294 2845 1295 2848 =

236 2907 301 2973 126
325 2907 457 2990 hospita
481 2906 559 2972 dum
585 2909 684 2973 nimia
709 2910 814 2973 tenuit
838 2909 1011 2976 dulcedine
1035 2915 1160 2992 captos.

236 3015 301 3081 396
325 3013 457 3080 Teucria
482 3030 555 3079 curn
580 3032 701 3097 magno
727 3020 874 3081 manaret
898 3018 1062 3099 sanguine
1086 3015 1192 3082 tellus.

235 3121 302 3188 393
325 3122 526 3204 gramineam
553 3126 589 3185 ut
611 3119 704 3186 uiridi
730 3120 856 3187 foderet
881 3122 921 3188 de
946 3124 1090 3205 caespite
1114 3128 1242 3189 terram.

153 3227 212 3295 Cir.
258 3228 302 3294 23
325 3227 435 3293 debita
460 3244 532 3292 cum
556 3232 666 3292 castae
691 3227 865 3294 solvuntur
889 3234 965 3295 3013
990 3227 1165 3296 Minervae.

237 3335 301 3400 127
326 3354 424 3401 aurea
437 3335 588 3400 sollemni
607 3340 775 3418 comptum
800 3354 896 3419 quem
918 3334 1020 3403 libula
1039 3339 1173 3403 ritu...
1198 3337 1359 3405 nectebat.

236 3441 438 3508 2931333333
462 3440 707 3508 ubiexstructo
735 3425 848 3525 possis
873 3443 1044 3509 considere
1070 3444 1158 3510 nido.

237 3548 303 3615 340
328 3549 380 3615 1313
405 3548 462 3615 ubi
484 3549 645 3615 collicitos
669 3551 769 3614 animi
796 3549 994 3616 relevaverat
1017 3558 1157 3629 aestus!
1172 3552 1322 3619 vocibus.

238 3657 303 3721 394
328 3658 448 3722 iunctis
473 3675 629 3739 magnum
654 3673 741 3739 quoe
764 3656 913 3740 piscibus
937 3676 1131 3741 aequor...
1157 3661 1296 3726 metitur.
1405 3664 1410 3677 '

237 3763 303 3828 535
327 3781 429 3829 unum
454 3781 551 3846 quem
576 3763 696 3846 duplici
722 3763 889 3830 stellarum
916 3783 1049 3831 munere
1073 3766 1149 3832 vidi.

130 3906 326 3988 iloncpod.
351 3906 399 3970 533
441 3908 650 3972 interminato
686 3922 758 3972 cum
795 3907 895 3973 semel
921 3905 1006 3973 lixae
1038 3907 1113 3974 cibo
1138 3908 1361 3975 intabuissent

337 4012 487 4095 pupulae.

239 4119 309 4185 1233
336 4119 385 4185 331
411 4138 483 4185 mea
507 4137 580 4186 cum
605 4123 715 4186 saevis
739 4124 842 4204 agitat
865 4120 998 4187 fastidia
1024 4121 1142 4188 verbis.

240 4226 309 4292 1333
337 4226 458 4292 30131113
483 4233 519 4292 ut
540 4227 655 4310 grandi
681 4230 797 4293 cecinit
822 4226 1004 4294 Centaurus
1028 4227 1173 4295 alumno.

156 4339 216 4399 sat.
239 4335 287 4399 433
314 4311 446 4398 condita
471 4350 544 4398 cunr
568 4353 665 4399 verax
689 4336 792 4417 aperit
817 4334 1005 4418 praecordia
1032 4334 1133 4401 liber.

189 4439 210 4505 ll
257 4441 306 4506 833
331 4438 456 4505 fervida
480 4438 572 4522 quod
593 4440 713 4506 subtile
737 4440 900 4507 exsudant
925 4443 999 4506 vina
1026 4441 1180 4528 palatum.
