3322 5236
360 585 426 653 327
460 592 491 652 et
515 585 631 652 mdlier
654 591 688 648 ui
712 588 756 651 sit
780 584 879 650 libera
904 588 1003 668 atque
1029 585 1099 666 lpse
1125 582 1208 647 ultro
1230 582 1285 648 det
1300 588 1481 665 argentum.

361 692 426 759 347
462 711 536 759 nam
562 691 603 758 ad
631 691 854 775 paupertatem
880 692 908 753 si
931 690 1120 774 admigrant
1146 687 1307 759 infamiae.

361 799 427 866 354
460 818 558 884 quam
585 799 700 864 mensa
725 800 833 864 inanis
858 816 945 863 nunc
968 798 996 860 si
1018 803 1204 881 apponatur
1228 795 1316 862 milti.

361 905 427 972 379
461 908 528 972 scis
554 907 626 988 iam,
651 905 708 970 tibi
734 921 812 984 quae
835 906 1004 988 praecepi.

362 1013 427 1079 382
461 1014 657 1079 necessitate
682 1031 742 1093 me,
767 1011 851 1077 mala
876 1017 911 1075 ut
933 1010 1021 1091 liam,
1045 1009 1137 1077 lacis.

361 1120 429 1186 383
451 1120 564 1186 verdm
590 1119 709 1198 videtu,
735 1138 786 1185 me
810 1119 864 1182 udi
887 1118 979 1185 uoles
1005 1124 1143 1200 nuptum
1170 1117 1254 1184 dare.

362 1227 427 1294 436
460 1226 592 1312 lugiunt
616 1246 713 1312 quam
740 1245 779 1292 ex
804 1233 895 1310 porta
921 1225 1008 1291 ludis
1032 1241 1123 1304 quom
1147 1227 1307 1291 emissust
1332 1225 1434 1308 lepus.
1496 1254 1498 1257 ·

361 1334 427 1400 472
462 1334 504 1400 lta
528 1334 654 1415 ancilla,
680 1352 751 1399 mea
777 1332 1070 1412 quaeratione,
1095 1350 1156 1397 sua
1182 1351 1269 1397 nunc
1292 1338 1344 1398 est

362 1441 427 1508 496
460 1446 551 1507 tuom
578 1441 833 1525 prdmeritumst,
857 1443 1030 1506 merito-ui
1053 1438 1170 1506 faciam

267 1576 268 1580 ¹
362 1548 428 1614 526
453 1549 591 1631 probum
617 1549 648 1614 et
673 1557 878 1614 numeratum
903 1553 1074 1630 argentum
1099 1552 1134 1609 ut
1156 1549 1302 1629 accipiat

362 1655 427 1722 555
461 1654 597 1740 perlidia
622 1661 653 1722 et
677 1655 847 1738 peculatus
872 1674 910 1720 ex
935 1654 1014 1720 urbe
1038 1661 1070 1720 et
1093 1657 1226 1720 avaritia
1251 1656 1279 1716 ri
1302 1654 1442 1720 exulant.

362 1763 425 1829 671
462 1763 615 1847 quae'rere
640 1780 766 1842 ansam,
792 1761 946 1828 iniectum
971 1767 1006 1824 dt
1028 1760 1134 1828 iaciat.

363 1870 427 1937 694
462 1869 636 1936 mandatae
661 1885 739 1949 pirae
762 1876 840 1935 sunt
864 1869 940 1934 volo
964 1867 1088 1935 delerre
1113 1868 1282 1952 epistulas,

363 1976 429 2043 744
462 1981 493 2043 te
518 1977 649 2062 qudque
675 1978 773 2041 etiam
801 1978 909 2059 ipsum
934 1981 969 2038 ui
992 1974 1189 2041 lamenteris.

363 2083 427 2150 779
461 2084 554 2150 solus
569 2102 630 2168 ego
641 2083 798 2149 omnibus
812 2082 945 2149 antideo
963 2081 1065 2157 lacile,
1083 2085 1299 2149 miserrumus
1312 2083 1483 2149 hominum

462 2196 495 2254 ut
518 2193 636 2264 vivam.

363 2299 427 2365 80].
462 2301 635 2381 exstingue
660 2301 779 2381 ignem,
804 2300 831 2363 si
857 2315 913 2362 cor
937 2300 1046 2377 uritur,
1071 2302 1169 2380 caput
1192 2318 1230 2360 ue
1252 2297 1450 2364 exardescat

363 2405 428 2473 849
461 2404 520 2471 se'd
558 2408 600 2471 lta
638 2423 713 2489 pars
749 2405 1008 2471 libertinorumst
1033 2426 1040 2470 :
1065 2406 1127 2470 nisi
1165 2411 1303 2489 patrono
1338 2407 1392 2484 qui
1426 2405 1484 2471 ad-

360 2524 365 2535 ·
462 2518 638 2579 vorsatust.
705 2519 711 2528 “

258 2709 355 2776 Poen.
369 2709 412 2775 23
447 2710 534 2775 servi
556 2731 595 2772 ne
617 2708 803 2790 obsideant,
828 2709 938 2775 liberis
962 2715 996 2772 ul
1021 2713 1064 2775 sit
1089 2710 1190 2775 locus.

364 2816 408 2881 28
442 2816 585 2883 nutrices
611 2834 731 2899 pueros
757 2814 892 2881 infantis
918 2816 1219 2893 minutulosldomi
1245 2821 1280 2879 ui
1303 2823 1484 2899 procurent.

362 2921 407 2987 45
442 2922 566 2988 bonum
593 2921 698 2988 lrercle
722 2920 844 2989 lactum
871 2941 929 3005 pro
954 2942 990 2989 se
1015 2927 1155 3007 quisque
1179 2930 1215 2985 ut
1239 2926 1428 2990 meminerit.

364 3029 406 3094 81
442 3030 613 3114 arge'ntum
637 3031 700 3093 nisi
723 3031 777 3108 qni
800 3028 933 3107 dederit,
959 3049 1064 3113 nugas
1090 3033 1197 3114 egerit.

366 3137 431 3202 135
466 3136 629 3217 scitdmst‚
655 3155 711 3220 per
734 3143 866 3219 tempus
889 3139 917 3200 si
940 3136 1107 3203 obviamst
1131 3138 1265 3203 verbum
1291 3144 1395 3204 vetus.

366 3243 431 3309 140
466 3244 584 3309 amans
609 3262 666 3328 per
689 3262 833 3310 amorem
858 3244 963 3323 sipirid
985 3243 1056 3325 ieci,
1081 3244 1227 3329 lllilplri0.

365 3351 430 3416 244
466 3351 564 3432 olent,
590 3351 678 3417 salsa
704 3357 790 3430 sunt,
814 3356 1006 3435 tangerent
1029 3373 1091 3415 nrm
1115 3351 1205 3418 uelis,

365 3456 431 3523 249
464 3460 535 3539 scit,
560 3457 730 3524 muriatica
755 3463 790 3521 ui
814 3464 962 3524 maceret.

364 3562 430 3630 278
464 3583 515 3630 me
539 3570 574 3627 ut
599 3571 686 3631 amet
710 3564 848 3649 posthac
874 3569 1022 3650 propitia.

364 3671 429 3737 284
463 3671 638 3738 exornatae
664 3677 699 3735 ut
723 3674 839 3738 simus.

364 3779 430 3845 314
465 3779 562 3845 viden
587 3780 648 3845 tui
673 3779 758 3864 pleni
784 3780 867 3845 oculi
895 3780 1064 3847 sorderum
1091 3783 1257 3859 quierant

460 3888 522 3952 iam
550 3886 727 3970 splendent
750 3887 839 3953 milri.

365 3992 431 4058 319
465 3993 588 4076 primae
613 3998 648 4057 ut
673 3992 868 4060 inferremus
895 3998 1002 4085 ignem
1030 3998 1060 4060 in
1086 4015 1184 4062 aram.

366 4099 432 4166 322
469 4100 664 4167 sacruficare
689 4123 695 4167 :
721 4120 795 4166 nam
822 4103 977 4185 vigilante
1002 4102 1127 4169 Venere
1149 4105 1178 4167 si
1200 4107 1334 4170 ueniant
1357 4122 1423 4170 eae.

365 4207 430 4273 462
466 4226 565 4292 quom
592 4208 725 4275 scibunt
745 4208 862 4274 Veneri
889 4215 921 4271 ut
944 4208 1059 4275 adierit
1083 4210 1156 4276 leno
1182 4230 1326 4276 manum.

365 4316 430 4382 549
464 4315 494 4381 ei
518 4322 648 4399 paratae
672 4321 706 4378 ut
730 4318 798 4381 sint
822 4315 970 4382 insidiae.

365 4423 430 4488 553
466 4423 528 4489 nds
552 4429 586 4489 tu
612 4426 818 4489 necurassis
843 4425 998 4489 :scimus
1024 4443 1089 4490 rem
1116 4443 1258 4492 omnem.
