3360 5236
873 342 1044 416 64,

325 555 364 621 lV
389 556 462 635 181,
486 556 552 621 910
589 574 710 639 parvus
735 563 770 622 ut
793 563 844 623 est
862 539 960 640 'cycni
986 556 1101 622 melior
1125 573 1232 620 canor.

385 662 452 728 426
487 663 614 747 aequali
639 662 792 747 quamvis
817 671 867 729 est
892 664 1034 748 denique
1059 663 1168 728 ductu.

338 770 366 836 V
389 769 455 836 619
490 789 601 836 annua
627 769 676 837 sol
703 770 736 836 in
752 788 817 853 quo
842 773 1009 836 consumit
1031 777 1188 853 tempora.

386 877 452 942 692
486 896 597 942 annua
622 878 672 943 sol
698 878 731 943 in
750 895 816 961 quo
842 876 1009 943 concludit
1033 884 1189 960 tempora.

389 983 454 1050 768
490 1002 552 1049 suo
576 985 610 1049 si
630 983 734 1069 fulget
759 985 835 1050 luna
862 987 974 1050 nitore.

388 1090 453 1157 793
489 1097 650 1157 nocturno
674 1090 780 1159 iacere
805 1098 841 1157 ut
864 1095 996 1175 possint
1022 1094 1052 1156 in
1078 1097 1233 1176 tempore.

388 1198 453 1263 854
490 1205 602 1264 mutua
627 1199 687 1282 qui
709 1205 836 1264 mutent
862 1201 944 1264 inter
968 1218 1004 1264 se
1028 1199 1158 1283 gaudia.

389 1306 475 1370 1104
510 1306 586 1371 talia
611 1305 720 1377 divisi
728 1324 802 1372 cum
828 1306 940 1372 tribuit
964 1305 1058 1372 lacta.

328 1412 366 1478 Vl
392 1413 454 1478 291
493 1416 603 1479 omnis
629 1414 678 1478 uti
700 1412 849 1479 videatur
874 1417 904 1479 in
932 1413 1068 1479 imbrem
1093 1415 1210 1479 vertier
1233 1414 1352 1480 aether.

389 1519 455 1585 294
490 1520 616 1586 ardenti
643 1523 775 1585 sonitus
799 1537 871 1586 curn
897 1521 1047 1603 provolat
1072 1523 1145 1587 ictu.

352 1607 357 1625 ’
387 1627 453 1693 594
491 1633 625 1692 nostros
651 1629 784 1710 penitus
810 1645 883 1693 cum
909 1630 1053 1693 venitin
1079 1634 1179 1694 artus.

390 1734 476 1798 1155
502 1734 632 1800 rancida
657 1752 722 1818 quo
747 1736 894 1817 perolent
919 1737 1061 1819 proiecta
1086 1735 1253 1802 cadavera.

392 1840 477 1906 1223
502 1843 533 1906 in
561 1847 710 1907 nostrum
736 1859 809 1908 cum
834 1845 924 1908 venit
948 1841 1089 1927 denique
1114 1843 1248 1930 caelum.

218 2017 1036 2097 *QOmMmmm

392 2127 469 2197 1042
508 2127 674 2194 ambobus
701 2129 779 2194 milri
804 2146 890 2210 puae
913 2130 1017 2195 carior
1040 2133 1090 2194 est
1115 2129 1230 2195 oculis.

284 2269 419 2356 Vergil.
444 2272 500 2337 ecl.
525 2270 571 2341 715
599 2271 759 2355 depulsos
784 2291 802 2337 a
828 2273 909 2338 lacte
933 2271 1022 2338 domi
1040 2289 1126 2356 pune
1142 2271 1306 2339 clauderet
1330 2291 1445 2356 agnos.
1573 2299 1576 2304 ¹

406 2378 455 2448 5„
481 2378 618 2462 grandia
643 2397 742 2461 saepe
766 2378 885 2463 quidus
910 2379 1142 2444 mandavimus
1168 2378 1299 2445 hordea.

284 2502 419 2587 georgi
444 2502 465 2567 6
491 2502 653 2569 labentem
680 2504 770 2569 caelo
793 2521 879 2587 quae
902 2480 1022 2569 ducitis
1047 2523 1180 2569 annum.

403 2609 469 2675 259
504 2608 643 2694 frigidus
668 2611 844 2695 agricolam
869 2611 1032 2695 siquando
1056 2613 1202 2677 continet
1227 2611 1337 2678 imber.
1377 2576 1379 2578 ’

342 2734 363 2799 ΙΙ
409 2734 475 2800 383
512 2735 572 2800 has
596 2753 637 2801 ne
661 2738 788 2818 possim
816 2743 949 2801 naturae
974 2736 1127 2803 accedere
1152 2743 1270 2820 partes.

332 2859 364 2924 ill
412 2859 477 2925 258
514 2879 670 2942 magnum
695 2861 750 2927 cui
770 2867 880 2927 versat
906 2863 936 2925 in
963 2861 1100 2926 ossibus
1126 2864 1243 2945 ignem.

286 2983 395 3050 Aenll
416 2984 479 3049 119
514 2985 602 3067 vulgi
628 3004 712 3069 quae
737 3005 800 3051 vux
825 2991 861 3050 ut
883 2988 972 3050 venit
996 2986 1036 3050 ad
1062 3005 1167 3051 aures,

341 3108 368 3174 V
414 3108 479 3174 497
517 3109 660 3193 Longam
687 3113 788 3175 muris
813 3127 886 3176 cum
911 3114 1055 3193 cingeret
1078 3110 1203 3176 Albam.

331 3215 370 3281 Vl
419 3216 480 3281 141
517 3219 705 3282 auricomus
730 3237 827 3301 quam
852 3218 912 3300 qui
933 3218 1131 3301 decerpserit
1155 3217 1268 3283 arbore
1292 3216 1389 3283 ietus.

394 3323 457 3389 171
494 3332 573 3389 cava
597 3323 675 3390 dum
701 3332 856 3407 personat
879 3344 1021 3408 aequora
1047 3325 1181 3390 concha.

394 3430 459 3496 760
495 3430 555 3511 ille,
580 3430 688 3510 vides;
714 3450 795 3514 puro
822 3435 949 3498 iuvenis
973 3433 1033 3516 qui
1055 3434 1167 3497 nititur
1191 3431 1294 3497 hasta.

393 3537 459 3603 816
496 3537 622 3621 lyciam
649 3545 685 3604 ut
706 3544 797 3621 gerat
823 3542 895 3622 ipsa
921 3539 1114 3621 pharetram.

302 3644 366 3711 Vlll
391 3645 456 3711 137
492 3645 655 3712 aetherios
682 3664 794 3712 umero
818 3646 878 3728 qui
900 3649 1043 3712 sustinet
1067 3645 1175 3712 orbes.

395 3752 460 3817 155
496 3751 662 3818 decimum
686 3770 771 3836 quos
796 3752 924 3818 distulit
947 3753 1066 3819 {lector
1090 3756 1122 3818 in
1147 3771 1280 3818 annum.

326 3859 361 3924 lx
397 3858 462 3925 264
498 3858 626 3925 devicta
650 3862 779 3943 genitor
801 3878 887 3944 quae
911 3863 996 3943 cepit
1020 3859 1145 3925 Arisba.

333 3965 358 4038 ll
397 3966 462 4031 324
497 3964 673 4032 flaventem
692 3969 795 4050 prima
814 3950 972 4050 lanugine
986 3967 1089 4033 malas
1101 3965 1188 4032 suum
1205 3969 1356 4051 sequeris
1375 3966 1515 4050 Clytium

395 4072 461 4138 563
496 4072 682 4138 ditissimus
707 4074 874 4158 agrilqui
895 4072 957 4139 luit
980 4073 1198 4140 Ausonidum.

395 4179 461 4245 714
497 4185 591 4246 ustae
614 4180 734 4264 quidus
757 4186 809 4247 est
832 4180 1017 4246 Mezentius
1043 4183 1115 4246 irae.

396 4287 462 4352 818
498 4286 586 4353 molli
612 4293 715 4353 mater
738 4305 837 4371 quam
864 4292 996 4352 neverat
1018 4305 1109 4353 auru.

324 4392 359 4459 Xl
395 4394 461 4460 540
496 4396 632 4478 antiqua
659 4394 813 4460 llletabus
838 4411 911 4460 cum
936 4393 1104 4460 excederet
1129 4394 1216 4460 urbe.
