3360 5236
680 355 892 452 Q—

299 593 326 631 nn
363 569 528 650 accendet,
551 569 727 645 flammas!
735 571 960 655 transilietque
984 588 1105 636 sacras

171 694 274 780 Prop.
300 695 319 761 ll
344 695 414 761 2012
451 693 602 761 ferratam
631 696 759 762 Danaes
768 698 783 772 l
793 697 1041 779 transiliamque
1065 696 1211 761 domum.

284 891 381 958 Porro
411 910 475 976 que
505 894 695 958 coniunctio
727 892 839 958 crebro
870 911 935 957 non
961 911 1034 957 cum
1061 910 1142 958 voce
1167 891 1400 975 coniungenda

172 1001 230 1067 sed
257 1019 330 1067 cum
356 999 466 1077 verbo,
491 999 579 1083 quod
606 999 745 1065 vocibus
769 998 1011 1083 coniungendis
1034 1017 1209 1065 commune
1227 1004 1287 1068 est.
1311 1017 1401 1064 com-

172 1111 313 1192 ponitur.
348 1105 496 1172 Tibullus
521 1106 581 1171 hac
606 1126 737 1190 quoque
762 1125 879 1172 vocum
905 1106 1119 1172 collocatione
1137 1107 1167 1170 in
1190 1110 1403 1189 pentametro

171 1221 299 1280 tantum
328 1216 437 1279 utitur.

172 1339 301 1406 libuli.
328 1339 335 1404 l
361 1339 408 1404 au
446 1339 625 1404 lilessalam
653 1339 847 1412 terraldum
874 1341 1086 1422 sequiturque
1110 1340 1199 1404 mari.

283 1447 316 1513 41
356 1465 395 1513 ne
419 1449 515 1529 capiti
542 1446 704 1520 soleslne
730 1453 935 1530 noceantque
959 1449 1062 1512 nives.

281 1554 350 1619 10⁵³
582 1557 776 1637 scissosque
802 1553 938 1636 capillos

376 1660 498 1726 lemina
525 1661 1002 1746 pertractas!conquiriturque
1025 1661 1123 1727 iores.

234 1769 253 1834 ll
300 1768 349 1833 3³⁸
387 1767 462 1833 irinc
487 1788 582 1834 cruor
606 1770 681 1834 irinc
706 1769 946 1840 caedeslnrors
972 1771 1170 1852 propiorque
1192 1771 1290 1834 venit.

303 1877 352 1940 522
389 1875 479 1942 <ilion
505 1876 681 1952 ardentes]
691 1880 930 1960 respiceretque
953 1876 1045 1942 deos,

331 2005 358 2044 sl
396 1983 483 2048 dolia
508 1982 586 2048 dum
614 1986 724 2066 magni
734 1985 748 2057 l
757 1981 978 2066 deficiantque
1002 1982 1101 2048 lacus.

310 2090 359 2155 dn
397 2109 469 2156 acer
494 2089 601 2168 Amor,
625 2088 745 2155 lractas
771 2091 895 2154 utinam
922 2096 976 2155 tua
1003 2088 1065 2155 tela
1091 2091 1231 2172 sagittas

400 2199 427 2262 si
453 2196 526 2263 licet
551 2200 735 2271 extinctasl
743 2199 968 2280 aspiciamque
990 2194 1089 2261 laces.

177 2320 301 2388 llorat.
326 2327 386 2387 sat.
412 2321 419 2386 l
445 2321 493 2386 ou
778 2324 806 2386 si
832 2321 955 2403 plostra
980 2321 1120 2386 ducenta

514 2434 773 2512 concurrantque
796 2425 868 2493 loro
893 2431 951 2492 tria
977 2427 1091 2493 lunera
1117 2446 1246 2510 magna.

305 2558 332 2595 u
367 2554 488 2600 cornua
514 2534 601 2618 quod
628 2537 802 2618 vincatque
825 2535 933 2599 tubas.

237 2641 256 2707 ll
281 2642 346 2707 3130
382 2643 536 2706 insanum
562 2646 592 2706 te
618 2659 735 2706 omnes
761 2644 849 2723 pueri
876 2640 1082 2723 clamentque
1108 2641 1244 2723 puellae.

303 2772 341 2810 nr
380 2748 457 2831 quid
485 2746 588 2827 relert,
614 2746 730 2813 morbo
755 2767 796 2812 an
822 2746 918 2812 lurtis
944 2765 1139 2831 pereamque
1162 2750 1296 2830 rapinis.

299 2879 338 2916 ιιι
378 2857 408 2919 in
435 2857 536 2920 cicere
560 2861 658 2938 atque
683 2853 758 2919 laba
785 2854 871 2920 bona
897 2861 931 2919 tu
957 2855 1141 2938 perdasque
1165 2853 1296 2937 lupinis.

178 2982 273 3028 carm.
299 2981 383 3027 saec.
408 2961 448 3026 21
749 2967 856 3026 certus
882 2960 1034 3025 undenos
1059 2960 1193 3026 deciens
1219 2980 1274 3044 per
1297 2978 1405 3025 annos

339 3054 341 3059 ¹
460 3067 551 3133 orbis
577 3073 611 3131 ut
636 3073 753 3132 cantus
779 3067 960 3151 referatque
983 3064 1119 3146 ludos.¹)

239 3345 242 3351 .
309 3264 379 3330 Non
417 3283 490 3330 cum
526 3263 635 3341 verbo,
671 3264 729 3329 sed
766 3264 828 3328 alia
861 3283 940 3330 voce
966 3266 1221 3346 communique
1251 3263 1406 3346 particula

179 3375 353 3438 coniuncta
379 3375 485 3437 estin
512 3372 563 3436 bis
589 3371 756 3436 versibus:

178 3478 260 3547 lior.
285 3498 334 3561 ep.
360 3478 380 3542 ll
405 3478 471 3543 31⁶⁸
510 3497 640 3560 semper
670 3482 700 3543 in
726 3480 891 3544 adiunctis
916 3495 1064 3560 aevoque
1088 3475 1289 3542 morabimur
1312 3479 1408 3560 aptis.

389 3583 420 3666 (i.
445 3605 470 3651 e.
496 3604 626 3667 semper
651 3588 681 3649 in
708 3585 872 3650 adiunctis
897 3587 1049 3667 aptisque
1075 3603 1157 3649 aevo
1183 3582 1407 3664 morabimur).

289 3779 307 3837 'l
327 3785 428 3837 Eodem
450 3786 534 3838 modo
555 3799 593 3838 ve
613 3786 746 3852 particula
768 3786 903 3837 collocata
925 3793 967 3836 est
989 3785 1014 3836 in
1036 3784 1078 3837 bis
1100 3784 1240 3836 versibus:

180 3892 245 3946 Tib.
267 3892 284 3944 ll
305 3894 347 3952 dno
375 3894 473 3959 quisve
494 3908 581 3945 meam
605 3888 716 3945 teneat!
724 3892 799 3959 quod
821 3898 946 3944 teneatue
965 3891 1066 3943 modis.

304 3983 346 4041 312
376 3997 424 4033 nec
444 3982 548 4034 citlrara
571 3980 718 4040 intonsae!
730 3980 927 4047 profueruntue
946 3995 1050 4032 comae.

181 4090 269 4158 Prop.
290 4089 306 4142 ll
328 4089 386 4148 aa„
419 4089 536 4154 quodsi
558 4097 586 4140 tu
608 4087 706 4141 Graias
727 4102 861 4154 aequesve
882 4088 987 4139 imitata
1010 4086 1128 4139 latinas.

181 4199 284 4253 llorat.
306 4202 349 4248 sat
371 4193 388 4245 ll
409 4196 465 4253 313,
495 4210 549 4247 non
571 4195 700 4261 Pyladem
724 4194 795 4247 terro
817 4194 922 4246 violare
943 4208 1062 4246 aususve
1081 4209 1205 4246 sororem
1227 4208 1278 4246 est.

307 4311 342 4345 ,ω
371 4283 487 4335 iurando
509 4284 683 4347 obstringam
705 4285 788 4335 ambo
809 4290 814 4330 ἰ
836 4289 895 4334 uter
909 4282 1006 4334 aedilis
1020 4281 1135 4336 fueritve
1151 4288 1273 4335 vestrum
1290 4290 1410 4358 praetor·

305 4399 342 4432 Μ
370 4371 434 4423 illud
456 4371 527 4423 idern
550 4373 575 4423 iu
598 4372 723 4436 rapidum
745 4370 847 4424 llumen
870 4372 1003 4424 iaceretve
1023 4372 1154 4423 cloacam.

297 4463 338 4522 lv„
367 4477 422 4514 non
444 4460 540 4512 babitu
562 4468 684 4513 mutatve
704 4462 774 4525 loco,
797 4466 928 4525 peccatve
949 4475 1076 4526 superne.
