3322 5236
776 351 819 430 29

280 578 345 646 267
378 596 479 658 amor,
504 577 583 644 milri
608 580 736 645 amicus
759 596 800 645 ne
822 577 898 645 luas
923 596 1091 662 umquam.

165 676 167 681 ’
281 685 347 752 280
370 686 494 770 patrem
519 691 610 751 tuom
635 684 669 752 oi
690 685 837 770 percoles
862 704 918 768 per
943 688 1107 769 pietatem.

281 793 347 860 318
379 792 456 877 quid
482 791 671 876 exprobras,
696 791 779 859 bene
802 792 894 877 quod
914 791 1047 859 iecisti?
1233 777 1239 788 ’

281 900 347 967 349
379 900 420 966 de
445 902 576 983 magnis
600 899 724 966 divitiis
747 899 861 984 aliquid
881 900 1007 979 demas,
1038 899 1112 983 plus
1137 899 1176 966 lit
1198 917 1241 965 an
1267 899 1403 966 minus?

281 1007 347 1075 378
379 1007 485 1092 egone
510 1006 691 1073 indotatam
715 1012 748 1073 te
773 1025 906 1073 uxorem
931 1012 967 1073 ut
990 1008 1118 1090 patiar?

281 1114 347 1182 442
595 1115 678 1180 inter
715 1118 747 1180 te
786 1119 884 1198 atque
924 1131 987 1180 nos

379 1220 583 1288 adfinitatem
620 1226 657 1286 ut
694 1220 900 1287 conciliarem
938 1227 970 1287 et
993 1222 1142 1305 gratiam.

282 1329 348 1395 470
380 1327 533 1412 adposita
557 1346 637 1394 cena
662 1330 713 1407 sit
738 1327 928 1412 popularem
953 1345 1054 1411 quam
1078 1332 1206 1393 uocant.

281 1437 347 1504 486
381 1436 412 1502 10
438 1435 611 1520 optumum
636 1453 720 1515 esse,
744 1441 813 1501 tute
837 1431 887 1501 uti
909 1437 957 1500 sis
981 1440 1148 1518 optumus.

284 1544 349 1611 523
383 1546 523 1628 primum
548 1542 696 1609 omnium
723 1542 800 1608 olim
826 1548 909 1608 terra
933 1559 1033 1626 quom
1058 1541 1288 1626 proscinditur.

283 1652 349 1719 583
382 1650 434 1716 dic
458 1648 588 1730 Callicli,
612 1668 664 1715 me
688 1655 725 1716 ut
747 1651 930 1716 conveniat

282 1758 348 1826 584
381 1758 422 1824 de
446 1757 522 1823 dote
548 1764 585 1823 ut
607 1756 725 1837 videat,
751 1756 827 1841 quid
854 1774 940 1840 opus
965 1758 1009 1821 sit
1032 1754 1128 1822 lacto,

282 1865 349 1933 633
382 1864 465 1931 bine
489 1881 589 1949 quom
614 1862 754 1929 simulas
778 1861 884 1929 lacere
910 1861 988 1928 milii
1013 1868 1053 1941 ie,
1079 1860 1279 1929 malefacis.

284 1973 349 2038 668
382 1971 460 2037 itast
485 1989 586 2050 amor,
611 1969 741 2036 ballista
765 1976 801 2036 ut
826 1971 947 2036 iacitur.

284 2079 349 2145 698
382 2077 452 2145 scio
477 2077 628 2162 equidem
654 2082 694 2158 te,
717 2080 885 2143 animatus
909 2082 946 2142 ut
969 2078 1026 2142 sis.

284 2186 346 2253 741
382 2184 492 2252 datam
517 2183 576 2250 tibi
601 2183 722 2264 dotem,
747 2186 774 2249 ei
799 2196 901 2268 quam
924 2182 1031 2249 dares.

284 2294 349 2360 755
382 2293 492 2359 dotem
518 2292 595 2358 dare
618 2292 652 2358 ai
672 2291 818 2357 dixerim.
1235 2340 1237 2344 a

283 2401 350 2468 800
383 2400 516 2466 uxorem
542 2417 674 2483 quoque
699 2400 805 2482 ipsam
831 2398 915 2464 lianc
940 2416 1007 2464 rem
1032 2397 1082 2464 uti
1103 2398 1189 2464 celes
1213 2396 1292 2464 lace.

286 2507 352 2575 872
389 2508 512 2574 census
535 2523 636 2590 quom
661 2524 745 2584 sum,
771 2508 902 2571 iuratori
928 2510 1012 2572 recte
1037 2507 1196 2571 rationem
1222 2505 1309 2571 dedi.

284 2615 350 2681 878
383 2614 474 2680 hisce
499 2614 652 2680 homines
676 2611 733 2678 ubi
756 2612 912 2679 habitent.

284 2723 347 2788 991
383 2720 495 2787 salvos
519 2718 784 2804 quandoquidem
808 2719 957 2786 advenis.

285 2830 371 2895 1055
619 2846 694 2893 nam
720 2845 791 2910 ego,
814 2827 973 2898 talentum
1007 2831 1157 2893 mutuom

405 2934 486 3019 quoi
517 2933 683 3013 dederam,
713 2933 837 3000 talento
862 2935 1029 2999 inimicum
1056 2935 1100 2998 mi
1125 2936 1199 2999 emi.

285 3043 372 3109 1130
406 3040 481 3107 na'rn
507 3039 704 3107 beneficium
730 3039 855 3132 homini
888 3041 1054 3124 proprium
1078 3038 1170 3123 quod
1190 3039 1294 3121 datur,
1329 3058 1404 3124 pro-

403 3166 478 3214 sum
504 3149 594 3231 perit

179 3361 270 3429 Truc.
296 3363 335 3430 12
360 3363 411 3429 liic
436 3361 562 3428 lra'bitat
586 3360 710 3439 mulier,
734 3379 855 3427 nomen
880 3359 991 3445 euolat
1015 3359 1240 3428 Phronesium.

285 3469 329 3535 66
362 3488 437 3535 nam
463 3468 628 3552 nusquam
654 3467 729 3533 alibi
754 3467 789 3533 ai
810 3473 897 3547 sunt,
921 3469 1041 3533 circum
1066 3469 1280 3551 argentarias.

286 3575 330 3642 73
361 3577 493 3660 accepta
518 3574 602 3654 dico,
626 3592 772 3658 expensa
796 3573 919 3657 nequi
940 3579 1083 3640 censeat.

287 3683 331 3748 90
362 3681 446 3749 eleire
471 3701 507 3749 se
532 3687 675 3766 potesse,
699 3680 833 3765 gravida
857 3678 891 3746 al
912 3678 1004 3747 loret.

288 3788 352 3856 127
385 3807 518 3874 peregre
541 3788 697 3875 quonium
721 3787 870 3868 advenis,
894 3806 973 3854 cena
998 3787 1101 3855 detur.

286 3895 351 3962 129
384 3899 457 3963 sine
481 3914 533 3962 me
557 3895 611 3973 ire,
635 3914 688 3962 era
711 3912 778 3979 quo
802 3896 909 3961 iussit.

287 4003 353 4070 146
386 4001 440 4069 ubi
458 4003 525 4069 non
543 4009 602 4084 est,
619 4004 813 4085 scripturum
831 4000 916 4067 unde
932 4001 1019 4082 dent,
1033 4003 1187 4069 incusant
1203 4001 1408 4086 publicanos.

290 4110 353 4176 168
386 4128 497 4193 rapere
521 4109 629 4176 otiose
653 4110 806 4192 oportuit,
830 4108 886 4174 diu
911 4114 947 4174 ut
969 4127 1078 4175 essem
1104 4109 1289 4177 incolumis.

288 4216 353 4283 192
387 4218 415 4282 si
441 4215 518 4283 illud
545 4214 633 4300 quod
652 4214 795 4282 volimus
812 4215 938 4297 dicitur,
955 4214 1062 4300 palam
1079 4234 1179 4300 quom
1197 4218 1408 4284 mentiuntur.

287 4323 354 4390 202
388 4328 422 4389 ut
445 4322 608 4389 abortioni
633 4340 765 4406 operam
791 4322 882 4389 daret
906 4341 1109 4407 puerumque
1133 4330 1169 4390 ut
1191 4326 1341 4391 enicaret.

287 4431 353 4498 208
387 4432 451 4497 iam
477 4429 528 4495 liic
552 4447 608 4495 ero
632 4450 639 4495 :
663 4435 798 4514 propest
823 4451 829 4496 :
855 4429 998 4514 prolecta
1022 4448 1088 4514 quo
1111 4449 1196 4497 sum.
