3322 5236
833 316 854 381 8

735 405 948 413 ——-

230 527 408 596 illustratur
431 531 479 595 eis
497 526 649 595 versibus
672 528 869 612 Plautinis,1)
892 529 1106 606 Terentianis‚
1126 527 1309 606 Lucilianis,
1334 527 1456 610 quibus

229 633 300 717 ‚‚ut“
324 628 691 719 coniunctiorepetitur
715 639 896 703 etitemtur
921 635 1070 719 pluribus
1095 634 1234 701 vocibus
1252 634 1456 700 interceden-

230 742 333 817 tibus:
357 744 549 828 plerumque
573 746 660 810 enim
686 750 762 810 ante
787 747 896 828 ipsum
922 743 1057 809 verbum
1085 745 1228 808 iteratur:

337 866 669 951 maurimontem
698 868 852 935 delictum
878 887 976 934 suom
1003 885 1165 951 suamque
1189 872 1223 929 ut
1247 864 1375 948 culpam
1401 885 1456 932 ex-

230 982 338 1060 petere
363 975 591 1041 inmortalem
617 980 652 1038 ut
676 977 763 1041 sinat

337 1080 426 1166 Capt.
450 1081 515 1148 248
549 1086 646 1166 atque
671 1085 784 1167 utqui
810 1082 910 1149 lucris
935 1087 966 1148 et
991 1083 1045 1166 qui
1071 1083 1157 1146 minc
1187 1082 1234 1145 sis
1264 1081 1455 1145 meminisse

230 1191 486 1256 utrmemineris

337 1296 408 1364 Cas.
431 1296 495 1361 511
530 1293 586 1362 ibo
611 1298 705 1376 intro,
730 1301 766 1362 ut
790 1297 820 1362 id
847 1297 934 1380 quod
961 1295 1045 1361 alius
1070 1295 1217 1360 condivit
1241 1312 1366 1378 coquos

533 1422 595 1487 ego
620 1423 707 1470 nunc
733 1406 880 1470 vicissim
907 1409 942 1469 ut
964 1402 1028 1468 allo
1053 1407 1148 1485 pacto
1172 1401 1322 1467 condam.

338 1510 523 1578 Ruu1256
547 1515 581 1576 at
596 1529 657 1594 ego
682 1510 765 1577 deos
791 1529 925 1595 quaeso,
950 1517 986 1576 nt
1001 1509 1161 1593 quidquid
1181 1511 1211 1573 in
1231 1508 1285 1573 illo
1302 1507 1456 1587 vidulost‚

221 1611 228 1625 ’
311 1610 312 1613 '
544 1619 571 1682 si
597 1636 721 1698 aurum,
747 1621 773 1683 si
799 1624 980 1700 argentum,
1005 1635 1114 1682 omme
1139 1616 1170 1680 id
1196 1622 1232 1679 ut
1252 1614 1311 1680 liat
1335 1616 1427 1679 cinis

337 1741 436 1810 Stich.
461 1741 526 1808 248
563 1760 677 1826 rogare
712 1745 809 1808 iussit
844 1741 908 1822 ted,
947 1747 983 1807 ut
1016 1759 1112 1824 opere
1149 1742 1292 1806 maximo

563 1867 691 1915 mecum
717 1851 829 1916 simitu
855 1855 891 1914 ut
914 1851 976 1914 ires
1000 1848 1041 1913 ad
1068 1866 1142 1913 sese
1167 1847 1312 1913 domum.

336 1955 420 2022 Trin.
445 1955 507 2021 141
554 1956 767 2022 novo-modo
790 1956 875 2022 adeo
899 1961 941 2035 ut,
970 1955 1058 2039 quod
1084 1973 1175 2020 meae
1199 1954 1458 2020 concreditumst

550 2065 759 2128 taciturnitati
786 2063 868 2129 clam
893 2061 960 2127 lide
985 2068 1017 2128 et
1039 2061 1189 2142 fiduciae,

551 2189 594 2236 ne
610 2172 813 2236 enuntiarem
832 2172 1009 2254 quoiquam
1036 2187 1098 2235 neu
1124 2168 1263 2234 iacerem
1289 2166 1405 2250 palam,

550 2282 586 2342 ut
609 2275 690 2342 milri
716 2295 851 2343 necesse
876 2279 919 2342 sit
943 2275 975 2341 id
999 2276 1057 2341 tibi
1083 2276 1286 2341 concredere.

334 2382 461 2449 Terent.
487 2383 586 2449 Andr.
626 2382 692 2449 828
717 2383 885 2466 perpulisti
912 2403 972 2463 me,
997 2389 1032 2448 ut
1055 2382 1179 2451 homiui
1209 2381 1457 2447 adulescentulo

231 2493 274 2557 in«
288 2490 365 2557 alio-
377 2495 548 2573 occupato
564 2508 686 2570 amore,
710 2489 897 2556 abhorrenti
923 2490 964 2556 ab
989 2509 1021 2555 re
1038 2492 1150 2556 uxoria
1167 2488 1268 2555 liliam
1287 2495 1323 2553 ut
1337 2488 1456 2554 darem.

338 2616 464 2685 Phorm.
489 2615 553 2681 153
589 2615 673 2682 adeo
709 2635 775 2682 rem
811 2617 936 2682 redisse
972 2623 1013 2696 ut,
1054 2619 1107 2700 qui
1149 2615 1227 2681 milri
1267 2612 1455 2680 consultum

230 2726 354 2807 optime
377 2724 454 2789 velit
478 2741 554 2789 esse
577 2728 591 2799 l
617 2722 781 2802 Phaedria,
806 2729 929 2806 patrem
955 2730 990 2788 ut
1012 2725 1233 2789 extimescam.

338 2847 432 2914 Lucil.
456 2846 522 2914 974
559 2883 599 2891 -
669 2848 719 2913 uti
751 2850 909 2931 pecudem
947 2854 979 2913 te
1014 2850 1212 2931 asinumque
1247 2854 1283 2912 ut
1316 2847 1457 2931 denique

231 2957 321 3021 nasci
347 2957 552 3038 praestiterit.

336 3061 419 3128 iluic
443 3067 552 3128 autem
579 3061 677 3128 classi
703 3080 740 3127 ea
766 3081 897 3147 quoque
928 3062 1075 3146 exempla
1108 3062 1338 3144 subiungenda
1370 3067 1457 3141 sunt,

231 3171 258 3234 si
291 3186 374 3253 quae
407 3171 541 3235 nomina
573 3171 676 3234 artius
709 3188 782 3235 cum
815 3170 915 3235 verbo
951 3172 1125 3235 coniuncta
1161 3167 1303 3234 exhiberi
1341 3170 1456 3248 solent,

230 3274 319 3342 velut
353 3277 519 3356 „animum
551 3273 736 3342 advertere“
773 3294 928 3360 „pessum
954 3274 1061 3342 dare“.
1115 3275 1139 3340 n
1171 3275 1292 3360 quibus
1324 3275 1455 3360 quidem

231 3382 389 3465 exemplis
437 3401 543 3466 neque
591 3385 731 3450 usitatae
778 3384 939 3468 quaedam
979 3384 1182 3449 elocutiones
1222 3392 1257 3448 ut
1298 3388 1455 3463 „aetatem

231 3486 367 3574 degere“
390 3492 553 3572 „animam
572 3487 704 3556 elllare“
725 3492 948 3575 segregandae
972 3510 1048 3557 esse
1073 3490 1150 3556 milri
1176 3490 1328 3556 videntur
1351 3508 1457 3574 neque

230 3597 313 3663 tales
337 3614 455 3663 vocum
481 3597 727 3681 complexiones
752 3599 866 3682 quales
891 3604 978 3678 sunt,
1005 3597 1110 3678 „diem
1129 3616 1319 3680 supremum
1345 3595 1454 3664 obire“

234 3722 352 3786 „suum
377 3702 525 3770 oliicium
550 3701 675 3771 lacere“
703 3723 853 3790 quaeque
876 3705 1025 3771 eiusdem
1051 3710 1130 3770 sunt
1153 3707 1292 3788 generis.
1343 3705 1386 3771 lta
1410 3704 1458 3783 lit,

230 3817 273 3878 ut.
290 3813 540 3877 coniunctiones
565 3814 593 3878 si
619 3814 729 3878 minus
754 3819 829 3878 ante
862 3815 970 3896 ipsum
1002 3811 1147 3891 verbum,
1178 3817 1211 3876 at
1241 3819 1350 3878 tamen
1382 3820 1457 3880 ante

231 3921 333 3984 series
359 3917 520 4002 quasdam
546 3924 578 3985 et
602 3922 863 4003 compositiones
888 3938 1005 3986 vocum
1032 3924 1218 4002 appareant,
1249 3937 1332 4003 quae
1358 3924 1457 3986 unius

230 4025 319 4091 verbi
351 4027 416 4090 vim
449 4025 601 4092 habeant
660 4025 771 4110 Neque
802 4029 888 4092 enim
925 4032 1045 4092 temere
1081 4028 1331 4092 coniunctiones
1366 4030 1455 4094 traici

231 4131 348 4197 solent.
405 4130 454 4197 Ad
480 4131 709 4199 illustrandum
736 4140 845 4199 autem
871 4132 960 4200 illum
987 4151 1084 4198 usum
1117 4150 1220 4215 pauca
1252 4131 1345 4199 liceat
1377 4134 1457 4200 sub-

231 4236 372 4305 scribere
397 4238 559 4323 exempla:

339 4413 459 4482 ¹)1c0nl„
476 4420 537 4475 ico.
556 4421 591 4475 ad
611 4420 710 4488 nmpn.
730 4422 791 4476 495.
