3322 5236
747 361 959 460 ,5.

347 577 413 643 518
447 583 480 643 51
504 595 610 662 neque
634 575 800 642 transferri
826 577 889 642 sibi
914 580 1015 660 partis
1040 596 1099 643 nec
1122 576 1219 643 tribui
1237 577 1313 657 volt,

446 683 628 751 immortale
650 682 741 767 quod
761 689 821 764 est,
845 686 1029 767 quicquam.

347 789 413 856 542
449 790 572 856 lumina
595 791 655 875 qui
677 791 830 874 linquunt
853 790 1040 857 moribundi
1066 791 1291 874 particulatim.

347 897 413 964 568
450 896 574 964 scilicet
597 897 735 963 avulsus
769 896 935 963 radicibus
965 903 1001 964 ut
1030 901 1143 982 nequit
1173 898 1270 965 ullam

446 1004 607 1089 dispicere
633 1006 703 1088 ipse
727 1003 844 1071 oculus
869 1024 945 1072 rem.

347 1111 411 1178 587
448 1130 569 1197 perque
593 1114 718 1178 viarum
744 1114 854 1178 omnis
877 1110 994 1194 flexus,
1019 1115 1051 1178 in
1076 1131 1211 1196 corpore
1234 1113 1293 1197 qui
1315 1119 1402 1180 sunt.

346 1218 411 1285 597
448 1218 535 1303 quod
561 1237 668 1302 genus
692 1224 751 1299 est,
776 1221 887 1285 animo
912 1218 1119 1286 malefactum
1144 1237 1216 1286 cum
1240 1218 1436 1304 perhibetur.

347 1324 412 1391 647
447 1331 479 1391 et
503 1325 611 1405 simul,
635 1326 667 1391 in
693 1343 823 1409 pugnae
848 1325 960 1392 studio
983 1325 1074 1410 quod
1093 1326 1203 1393 dedita
1229 1345 1323 1393 mens
1347 1332 1405 1393 est.

347 1431 412 1498 693
448 1431 584 1498 morbus
608 1438 643 1498 ut
666 1431 789 1498 indicat
812 1438 844 1498 et
866 1432 984 1517 gelidai
1010 1436 1154 1518 stringor
1176 1436 1283 1517 aquai.

347 1538 412 1605 695
449 1558 517 1620 nec,
541 1544 607 1605 tam
633 1544 804 1606 contextae
826 1557 899 1606 cum
924 1542 1000 1620 sint,
1024 1543 1111 1606 exire
1134 1539 1293 1606 videntur.

346 1645 410 1712 731
448 1663 554 1729 neque
579 1647 676 1726 enlm,
701 1648 773 1712 sine
798 1664 932 1730 corpore
955 1664 1028 1712 cum
1053 1649 1140 1713 sunt

347 1753 413 1819 759
448 1753 590 1837 denique
613 1759 649 1819 ut
673 1756 832 1819 intereant
857 1772 920 1819 una
945 1773 1019 1820 cum
1044 1772 1179 1837 corpore
1203 1761 1347 1821 cunctae.

346 1860 412 1927 798
446 1878 555 1945 quare,
579 1878 699 1944 corpus
724 1859 781 1926 udi
804 1863 932 1942 interiit,
957 1864 1095 1945 periisse
1119 1867 1298 1928 necessest.

346 1966 409 2033 851
447 1969 624 2051 interrupta
649 1967 750 2033 semel
776 1985 849 2034 cum
873 1970 917 2034 sit
941 1971 1117 2052 repetentia
1143 1970 1256 2036 nostri.
1317 2000 1318 2003 ¹

346 2073 411 2139 879
446 2074 542 2139 vivus
567 2075 653 2139 enim
679 2074 742 2139 sibi
766 2091 839 2140 cum
864 2077 1017 2158 proponit
1041 2078 1181 2160 quisque
1204 2074 1360 2141 futurum.

345 2179 411 2245 914
446 2181 620 2246 exanimo
644 2186 679 2246 ut
702 2180 813 2247 dicant
837 2180 970 2247 :brevis
995 2182 1047 2248 bic
1071 2187 1122 2249 est
1144 2180 1270 2248 fructus
1300 2181 1464 2248 homullis.

345 2285 411 2352 942
447 2305 575 2353 rursum
600 2285 691 2370 quod
711 2292 821 2371 pereat
838 2286 930 2355 male.

347 2393 434 2460 1005
469 2393 557 2479 quod
583 2392 709 2460 faciunt
734 2394 832 2461 nobis
862 2413 1024 2461 annorum
1056 2401 1212 2479 tempora,
1243 2398 1362 2463 circum

458 2518 531 2567 cum
556 2501 701 2568 redeunt.

346 2607 434 2674 1008
469 2607 540 2688 boc,
564 2615 600 2674 ut
628 2610 757 2692 opinor,
788 2608 819 2674 id
852 2614 912 2691 est,
942 2627 1025 2675 aevo
1055 2607 1193 2677 florente
1224 2609 1350 2693 puellas

465 2714 556 2799 quod
577 2721 766 2782 memorant
791 2715 918 2782 laticem
945 2723 1113 2799 pertusum
1140 2735 1313 2801 congerere
1339 2720 1370 2783 in
1396 2735 1465 2783 vas.

347 2821 432 2887 1061
470 2840 546 2888 esse
586 2821 675 2888 domi
723 2839 820 2906 quem
859 2828 1088 2905 pertaesumst,
1124 2823 1300 2906 subitaque
1336 2825 1463 2890 revertit

460 2931 583 3013 quippe
606 2927 688 2994 foris
714 2928 780 2995 nilo
805 2927 923 2995 melius
946 2929 1006 3013 qui
1027 2932 1148 2995 sentiat
1171 2948 1255 2996 esse.

347 3034 432 3100 1071
470 3054 569 3121 qnam
594 3035 677 3101 bene
700 3035 734 3102 ai
755 3035 872 3115 videat„
897 3038 960 3101 iam
986 3035 1084 3103 rebus
1109 3038 1250 3120 quisque
1274 3035 1405 3104 relictis.

346 3141 434 3208 1075
469 3148 570 3223 aetas,
595 3148 671 3226 post
696 3148 832 3210 mortem
856 3160 942 3227 quae
966 3150 1067 3209 restat
1090 3162 1238 3229 cumque,
1264 3144 1436 3210 manenda.

261 3336 310 3419 IV,
345 3337 388 3403 68
423 3337 524 3404 multa
550 3340 684 3418 minuta,
709 3341 768 3405 iaci
791 3357 877 3423 quoe
901 3341 1033 3424 possint
1056 3339 1179 3406 ordine.

345 3444 388 3511 86
425 3462 477 3511 res
502 3463 660 3529 quaeque,
685 3465 723 3512 ex
748 3465 880 3513 summo
903 3447 1060 3531 quoniam
1085 3447 1274 3513 iaculantur.

346 3551 388 3618 92
424 3570 464 3617 ex
487 3552 553 3618 alto
576 3553 657 3636 quia
672 3552 749 3619 dum
774 3556 910 3621 veniunt
934 3557 1132 3620 intrinsecus
1156 3559 1254 3620 ortae.

348 3659 392 3725 95
425 3665 459 3725 51
482 3665 594 3726 contra
618 3663 729 3726 tenuis
754 3663 874 3727 summi
901 3660 1091 3727 membrana
1115 3659 1234 3727 coloris

420 3783 494 3832 cum
517 3768 632 3833 iacitur
655 3766 698 3833 nil
724 3774 783 3834 est.
903 3764 906 3771 ’

346 3871 388 3938 97
414 3874 446 3938 10
473 3878 626 3957 promptu
650 3874 805 3958 quonium
829 3881 881 3941 est
905 3877 937 3940 in
963 3877 1065 3959 prima
1090 3873 1196 3941 fronte
1220 3874 1333 3942 locata.

344 3979 388 4046 98
424 3986 592 4063 postremo
632 3982 776 4065 speculis
816 3985 847 4047 in
894 4000 980 4066 aqua
1020 3980 1259 4066 splendoreque
1299 3985 1330 4048 in
1371 3985 1461 4050 omni

419 4104 642 4172 quoecumque
665 4093 823 4172 apparent
847 4088 954 4155 nobis.

345 4192 409 4259 105
444 4191 583 4278 efttgtae,
608 4194 797 4278 singillatim
821 4213 906 4280 quos
929 4214 1059 4262 cernere
1083 4213 1181 4262 nemo
1204 4214 1276 4263 cum
1301 4199 1417 4281 possit.

345 4299 409 4366 114
445 4319 532 4368 nunc
555 4306 666 4368 tamen
691 4301 721 4368 id
747 4321 879 4386 quoque
902 4303 952 4369 uti
973 4301 1174 4369 confirmem.

345 4407 409 4474 157
446 4414 603 4496 perpetuo
626 4408 728 4479 fluere
751 4416 787 4479 ut
810 4428 931 4479 noscas
955 4428 972 4476 e
996 4427 1131 4497 corpore
1154 4429 1297 4480 summo.
