3322 5236
755 361 799 428 39

276 564 342 640 Ι176
377 578 484 655 sinon,
519 580 603 641 certa
641 594 703 641 suo
738 576 818 660 quio
847 581 994 661 tempore
1026 579 1153 643 semina
1185 595 1291 643 rerum

367 698 440 748 cum
464 681 699 764 confluxerunt,
725 681 839 766 patefit
863 682 1095 767 quodcumque
1119 688 1253 751 creatur.

276 787 341 853 228
589 789 758 855 reductum
790 789 926 856 daedala
957 789 1055 856 tellus

368 895 453 962 uode
475 896 532 962 alit
556 902 654 982 atque
678 903 777 981 auget
800 899 979 982 generatim
1007 895 1125 981 pabula
1151 895 1321 982 praebens.

274 1002 340 1068 232
375 1006 485 1070 omnia
510 1006 597 1069 enim
622 1002 728 1084 debet,
754 1003 879 1070 mortali
905 1022 1040 1088 corpore
1062 1021 1149 1089 quae
1172 1008 1259 1071 sunt

274 1108 340 1175 265
365 1129 452 1177 nunc
475 1129 545 1195 age,
570 1128 621 1176 res
644 1111 801 1194 quonium
826 1110 923 1178 docui
950 1129 1016 1177 non
1042 1129 1144 1195 posse
1167 1113 1276 1178 creari.

274 1215 338 1282 297
373 1223 487 1301 aperto
512 1235 646 1300 corpore
670 1217 730 1301 qui
752 1223 839 1285 sunt.

274 1323 338 1398 326
375 1343 441 1405 nec,
467 1343 555 1391 mare
577 1341 663 1408 puae
694 1325 893 1408 impendent,
926 1343 1026 1392 vesco
1058 1324 1127 1392 sale
1159 1343 1238 1392 saxa
1263 1343 1387 1409 peresa.

274 1431 339 1509 379
374 1431 553 1498 concedere
578 1434 769 1515 porrosquo
794 1437 947 1516 poterunt
972 1432 1088 1499 undae.

273 1538 339 1604 385
369 1558 424 1605 aer
444 1557 542 1605 omne
560 1544 738 1619 necessest
752 1539 766 1614 l
780 1541 862 1605 inter
883 1557 1018 1623 corpora
1038 1538 1130 1623 quod
1147 1537 1213 1621 liat,
1234 1539 1387 1625 possidat

368 1664 473 1712 mane.

272 1751 339 1818 440
373 1759 537 1837 praeterea
569 1772 625 1837 per
655 1771 692 1818 se
721 1752 947 1838 quodcumque
977 1755 1044 1830 erit,
1076 1759 1132 1819 aut
1155 1752 1253 1820 faciet
1276 1753 1364 1839 quid.

272 1858 337 1924 464
372 1858 514 1944 denique
529 1858 747 1943 Tyndaridem
774 1865 898 1943 raptam
925 1858 1076 1944 belloque
1101 1859 1257 1927 subactas

365 1965 569 2050 Troiugenas
592 1969 701 2051 gentis
726 1983 799 2032 cum
824 1965 938 2032 dicunt
961 1985 1046 2033 esse.

271 2071 337 2138 478
372 2075 555 2156 perspicere
579 2078 616 2139 ut
639 2075 751 2157 possis
776 2092 828 2139 res
852 2081 966 2157 gestas
992 2071 1145 2140 funditus
1169 2092 1296 2142 omnes.

272 2178 336 2244 547
373 2182 524 2246 materies
548 2169 585 2246 ut
607 2179 796 2264 suppeditet
820 2179 919 2246 rebus
943 2180 1143 2264 reparandis.

271 2284 336 2352 557
371 2292 570 2371 quapropter
593 2286 691 2370 longa
708 2286 771 2352 dici
793 2284 921 2352 infinita
938 2292 1029 2354 aetas
1053 2290 1193 2355 anteacti
1218 2292 1386 2374 temporis.

365 2393 595 2477 omnisrquod
614 2392 776 2477 fregisset

271 2500 337 2566 565
372 2499 576 2566 solidissima
601 2501 745 2566 material
754 2502 770 2577 l
777 2518 912 2584 corpora
936 2517 1009 2567 cum
1032 2507 1196 2569 constant.

271 2606 336 2673 567
372 2605 482 2674 mollia
505 2624 591 2692 quoe
614 2606 707 2685 fiunt,
731 2625 787 2673 aer
810 2626 895 2692 aqua
920 2613 1002 2674 terra
1027 2626 1176 2692 vapores.

271 2714 336 2780 887
373 2716 534 2781 sancitum
559 2714 824 2798 quandoquidem
849 2719 963 2781 exstat

270 2820 333 2887 621
372 2824 569 2905 parvissima
592 2839 679 2906 quoe
702 2828 789 2888 sunt

271 2928 336 2994 659
371 2927 472 2994 ardua
495 2927 573 2994 dum
598 2933 756 3008 metuunt,
781 2930 937 2994 amittunt
961 2947 1035 2995 vera
1061 2930 1133 2995 viai.

269 3034 334 3102 662
369 3053 498 3119 corpus,
523 3035 566 3101 nil
590 3035 633 3101 ab
658 3054 694 3101 se
717 3035 808 3119 quod
829 3038 936 3119 possit
961 3038 1087 3103 mittere
1112 3040 1238 3121 raptim.

270 3141 336 3208 708
371 3145 579 3223 constituere,
603 3148 660 3208 aut
684 3161 830 3208 umorem
854 3142 1048 3228 quicumque
1075 3149 1231 3228 putarunt
1259 3143 1384 3230 fingere

364 3267 415 3315 res
440 3251 549 3333 ipsum
575 3268 631 3334 per
655 3268 700 3317 se.

265 3355 330 3422 724
364 3355 518 3423 faucibus
542 3364 676 3441 eruptos
701 3361 816 3424 iterum
842 3359 893 3423 vis
916 3363 953 3423 ut
975 3363 1087 3423 vomat
1111 3359 1206 3443 ignis.

271 3462 334 3530 751
371 3466 519 3531 conicere
543 3469 578 3530 ut
601 3466 714 3549 possis
739 3483 778 3531 ex
802 3464 873 3544 hoc,
898 3493 939 3514 =
964 3464 1077 3531 11121.

270 3569 335 3636 772
371 3569 415 3636 60
441 3573 472 3637 in
497 3570 636 3637 concilio
662 3575 810 3637 naturam
835 3576 871 3636 ut
894 3577 997 3638 mutet
1021 3589 1142 3639 eorum.

269 3677 335 3744 799
370 3695 505 3761 corpora
530 3681 723 3757 constituas,
749 3681 857 3762 ignem
882 3677 1020 3762 afforte
1042 3682 1187 3747 crearint.

269 3783 335 3850 887
371 3783 532 3869 lanigerae
556 3784 650 3869 quali
671 3791 751 3851 sunt
776 3784 873 3852 ubere
898 3784 999 3852 lactis.

269 3891 335 3958 902
369 3892 533 3969 terendos
544 3910 630 3977 quoe
651 3910 724 3959 curn
748 3892 944 3960 confluxere.

269 3998 334 4066 907
371 4000 469 4083 paulo
492 4000 583 4085 quod
603 4000 747 4067 diximus
771 4006 847 4067 ante
875 4027 909 4053 =
937 4001 1011 4082 846,
1035 4000 1110 4084 734,
1134 4001 1175 4068 lV
1197 4002 1272 4070 883.

268 4107 356 4173 1008
381 4109 452 4191 ipsa
488 4108 623 4174 modum
660 4127 757 4193 porro
792 4107 855 4174 sibi
892 4127 997 4175 rerum
1034 4127 1165 4177 summa
1197 4128 1309 4194 parare

383 4231 425 4281 ne
448 4217 563 4298 possit
589 4221 703 4281 natura
728 4221 825 4282 tenet.

269 4321 356 4388 1065
392 4320 434 4387 illi
459 4339 531 4388 cum
555 4321 689 4390 videant
713 4322 827 4403 solem,
852 4340 915 4389 nos
939 4322 1046 4390 sidera
1072 4325 1188 4390 noctis.

224 4427 245 4494 ll
269 4428 290 4494 9
338 4428 506 4512 despicere
530 4428 615 4496 unde
637 4448 741 4515 queas
764 4430 848 4496 allos
872 4433 1065 4514 passimque
1088 4429 1205 4498 videre

268 4535 311 4604 26
346 4536 470 4604 lumina
495 4540 665 4607 nocturnis
689 4537 796 4628 epulis
820 4542 857 4604 ut
879 4537 1140 4628 suppeditentur,
