3322 5236
637 359 849 458 ,6-

240 577 307 644 948
340 594 378 643 66
403 578 466 642 iarn
493 592 626 641 uxorem
650 581 686 641 ur
708 579 854 641 accersat
878 579 976 657 paret

241 683 307 751 962
341 685 456 750 suavia
481 684 513 748 in
538 682 843 766 praesentialpuoe
866 684 988 747 essent.

242 791 308 857 966
341 789 405 856 a'bii
431 787 472 856 ad
497 807 703 873 proxumum,
728 786 784 854 tibi
810 786 988 873 quierat:
1013 787 1041 853 ei
1067 786 1228 852 commisi.

241 898 308 964 988
344 915 430 964 nunc
452 895 734 980 iiiiaspostquum
758 901 811 963 est
838 898 978 961 inventa.

242 1005 330 1072 1026
365 997 1357 1088 quodpetoautvolo,parentesmeosutcommonstresmihi.

244 1112 331 1179 1039
366 1107 637 1196 patrilpuo'modo
661 1109 845 1193 obsequare
870 1113 902 1175 et
927 1114 962 1174 ut
985 1126 1108 1175 serves.

243 1218 331 1285 1050
366 1217 437 1284 mea
461 1215 549 1283 bona
574 1215 706 1283 uidem
733 1213 882 1282 Bacchidi
909 1213 1008 1281 dono,

244 1325 332 1393 1056
367 1343 500 1391 uxorem
526 1329 561 1389 61
584 1323 698 1390 ducas.

135 1541 261 1607 Phorm.
295 1539 339 1605 20
373 1536 555 1604 benedictis
578 1537 612 1604 si
633 1542 799 1618 certasset,
824 1536 975 1603 audisset
999 1535 1092 1603 bene.
1141 1536 1148 1555 ³

245 1646 287 1713 27
323 1648 398 1731 quia
424 1647 547 1729 primas
572 1647 673 1729 partis
695 1645 756 1729 qui
777 1650 860 1730 aget,
886 1646 914 1710 is
938 1646 997 1710 erit
1022 1642 1183 1710 Phormio.

246 1753 288 1820 27
324 1752 398 1819 seni
420 1750 531 1826 iideiis
554 1751 632 1818 dum
656 1770 741 1831 sum,
765 1749 920 1835 scapulas
945 1750 1080 1835 perdidi.

246 1860 309 1926 201
346 1857 434 1943 quod
467 1860 494 1924 si
520 1877 559 1925 eo
593 1877 684 1925 meae
708 1857 859 1925 fortunae
890 1856 1035 1938 redeunt,
1060 1857 1228 1938 Phanium,

339 1963 400 2032 abs
424 1971 457 2033 te
480 1972 517 2032 ur
538 1965 710 2032 distrahar.

246 2090 311 2157 224
347 2089 559 2170 meministin,
583 2090 660 2155 oiim
686 2095 722 2155 ut
743 2088 840 2156 fuerit
864 2092 972 2155 vestra
997 2090 1111 2155 oratio

246 2197 311 2263 240
347 2199 389 2263 ita
408 2216 482 2263 sum
500 2196 660 2278 inritatus,
676 2199 823 2263 aninrum
841 2201 878 2261 ut
894 2213 1054 2268 neoueam

343 2303 383 2370 ad
410 2302 621 2388 cogitandum
648 2305 817 2370 instituere

247 2428 313 2496 248
347 2446 423 2495 erus
446 2427 481 2494 si
503 2426 639 2494 redierit

173 2612 176 2614 v
247 2535 309 2601 261
346 2534 414 2600 dari
441 2533 518 2600 mihi
545 2534 576 2599 in
595 2540 820 2618 conspectum,
845 2554 931 2601 nunc
956 2552 1016 2601 sua
1041 2533 1136 2619 culpa
1161 2539 1197 2602 ut
1220 2535 1311 2600 sciat.

246 2643 312 2710 313
348 2642 473 2708 amicos
496 2641 677 2715 advocabo,
701 2641 742 2708 ad
768 2642 852 2708 6666
877 2661 943 2709 rem
967 2642 1027 2726 qui
1047 2641 1188 2708 adsient.

248 2750 313 2817 379
349 2751 376 2815 si
401 2748 460 2814 tibi
487 2749 611 2830 piacere
636 2751 723 2832 potis
747 2755 807 2829 est,
832 2748 910 2814 mihi
937 2755 973 2815 ut
996 2748 1209 2833 respondeas.

248 2857 313 2924 404
349 2856 503 2923 iudicium
529 2854 708 2923 decadem
733 2874 833 2922 causa
859 2860 973 2923 iterum
998 2863 1035 2923 ut
1058 2854 1197 2922 reddant
1219 2855 1289 2922 tibi.

248 2964 313 3030 419
351 2960 499 3045 ,actum“
526 2965 626 3043 aiunt,
651 2979 709 3043 „ne
731 2961 841 3045 agas“.

248 3087 314 3153 512
350 3087 478 3172 nequeo
491 3104 622 3152 exorare
636 3091 671 3152 61
684 3105 736 3152 me
748 3094 879 3152 maneat
889 3092 921 3153 et
933 3105 1007 3153 curn
1021 3085 1076 3153 iiio
1090 3090 1237 3152 utmutet
1247 3085 1361 3153 iidem.

250 3211 314 3278 514
350 3229 449 3278 unam
475 3217 638 3295 praeterea
663 3209 777 3277 horam
802 3229 843 3277 ne
864 3217 1023 3295 oppertus
1047 3213 1124 3277 sies.

251 3318 316 3384 565
350 3337 453 3400 aeque
476 3316 568 3402 quod
586 3317 704 3384 faciam
731 3317 859 3385 iubens.

250 3425 316 3491 608
349 3425 513 3492 adventus
539 3425 638 3491 huius
660 3442 726 3509 ouo
752 3424 885 3509 inpeliat
911 3430 1045 3509 patrem.

251 3531 314 3598 671
349 3530 401 3598 166
426 3538 461 3598 61
485 3531 572 3597 iiiam
598 3531 705 3612 ducat,
730 3550 916 3616 nosquam
941 3531 1105 3598 uolumus

251 3638 315 3705 777
351 3657 425 3705 curn
451 3641 513 3704 ista
538 3643 573 3703 ut
593 3638 753 3722 loquatur.
796 3637 860 3704 784
884 3637 936 3704 166
958 3637 1010 3705 iila
1035 3644 1071 3704 ut
1093 3637 1237 3721 placetur
1254 3637 1359 3704 nobis.

251 3746 315 3812 831
352 3744 537 3822 61166166
562 3744 700 3812 senibus
724 3745 765 3810 ad
792 3745 973 3829 potandum
999 3751 1035 3811 ut
1057 3743 1206 3812 habeam.

251 3853 317 3920 836
352 3858 383 3918 16
408 3851 487 3918 sua's
512 3855 639 3937 rogavit
662 3871 791 3919 rursum
817 3858 853 3918 ut
875 3870 999 3937 ageres,
1023 3870 1157 3919 causam
1184 3856 1220 3918 ut
1243 3870 1303 3937 pro
1327 3872 1364 3920 se

347 3958 484 4025 diceres.

252 4083 318 4150 838
353 4081 479 4149 dudum
496 4101 596 4167 quom
613 4083 693 4149 dixit
710 4083 801 4151 Geta.
840 4082 906 4149 848
930 4101 1063 4150 cursum
1079 4100 1180 4168 quom
1199 4085 1367 4151 institeris.

253 4190 316 4257 881
354 4189 497 4274 denique
532 4208 595 4275 ego
632 4209 705 4256 surn
744 4192 880 4270 missus,
911 4195 942 4256 16
973 4196 1009 4256 61
1039 4192 1234 4274 requirerem
1269 4194 1368 4275 atque

347 4295 555 4364 adducerem.

253 4422 319 4488 975
355 4426 390 4488 61
414 4421 455 4488 ne
479 4425 676 4507 restinguas,
700 4422 842 4489 iacrimis
865 4422 899 4487 si
919 4420 1145 4488 exstiliaveris.
