3322 5236
786 342 829 413 47

196 559 330 646 Vergil.
353 556 429 643 (ed’
453 557 610 643 Ribbeck)
635 559 781 644 Eclogae.
833 559 887 631 211
915 579 935 627 o
959 559 1129 628 formonse
1160 579 1248 646 puer,
1279 563 1417 628 nimium

316 665 328 691 '
356 686 397 735 ne
420 668 514 735 crede
538 668 637 735 colori

304 810 330 847 u
369 775 448 843 haec
472 776 586 843 eadem
612 782 648 841 ut
670 777 775 854 sciret
799 775 877 859 quid
904 793 969 841 non
994 774 1136 843 faciebat
1159 775 1348 860 Amyntas?

306 916 333 953 n
371 882 546 949 Damoetas
571 882 661 948 dono
685 881 763 948 milri
788 900 888 965 quam
912 882 1002 948 dedit
1026 882 1114 949 olim.

307 990 344 1061 32
382 992 454 1074 ipse
479 988 741 1062 Neaeramrdum
765 987 855 1055 fovet
878 1007 915 1055 ac
941 1008 981 1056 ne
1005 1007 1057 1056 me
1086 989 1149 1074 sihi
1180 989 1340 1073 praeferat
1364 991 1418 1058 illa

320 1160 321 1163 ,
379 1102 514 1163 veretur.

305 1237 332 1275 er
370 1223 422 1270 am
448 1222 548 1270 cornu
581 1207 669 1286 petat
699 1207 731 1268 et
763 1201 904 1285 pedibus
934 1203 995 1287 qui
1016 1208 1149 1288 spargat

379 1311 533 1377 harenam
549 1339 589 1359 =
604 1308 670 1376 Aen
697 1309 818 1376 1Χ629.

306 1419 360 1490 6³⁸
397 1418 496 1484 altius
521 1423 618 1500 utque
641 1416 761 1483 cadant
785 1421 962 1485 summotis
989 1416 1134 1485 nubibus
1161 1417 1293 1486 imbres.

328 1560 355 1597 er
392 1530 551 1591 errantem
577 1523 737 1590 Permessi
762 1523 803 1589 ad
828 1523 966 1590 flumina
992 1524 1132 1591 Gallum.

388 1631 499 1698 llonas
525 1633 556 1696 in
582 1633 705 1697 montis
730 1636 765 1696 ut
788 1630 915 1697 duxerit
940 1650 1004 1698 una
1029 1650 1190 1698 sororum.

305 1739 346 1810 82
384 1741 556 1805 immemor
581 1736 752 1804 herbarum
777 1754 862 1821 quos
885 1744 935 1804 est
961 1740 1075 1804 mirata
1100 1741 1249 1806 iuvenca.

327 1880 339 1917 a
377 1846 429 1912 ille
453 1845 534 1925 dies,
559 1844 637 1911 mihi
661 1862 734 1911 cum
759 1845 852 1912 liceat
876 1851 932 1911 tua
957 1845 1063 1912 dicere
1086 1844 1184 1912 facta.

194 2016 195 2019 ,
317 1987 342 2025 o
380 1955 532 2037 coniugis
558 1951 694 2036 indigno
727 1950 833 2035 Nysae
865 1951 1023 2036 deceptus
1055 1951 1265 2026 amorelrlum
1289 1972 1418 2038 queror.

305 2063 354 2132 9⁶³
381 2079 446 2127 nox
470 2058 614 2144 pluviam
639 2078 680 2126 ne
703 2059 834 2143 colligat
858 2065 942 2125 ante.

326 2201 352 2240 n
379 2173 551 2234 cantantes
576 2173 612 2232 ut
633 2185 758 2247 eamus,
782 2185 844 2250 ego
869 2167 932 2233 hoc
955 2172 987 2233 te
1009 2165 1100 2234 fasce
1125 2167 1250 2236 levabo.

195 2276 303 2361 Georg
327 2276 346 2342 l.
369 2275 435 2342 370
469 2280 503 2340 at
527 2274 646 2341 Boreae
671 2273 711 2340 de
736 2278 826 2358 parte
850 2277 951 2341 trucis
974 2291 1047 2340 cum
1070 2272 1233 2343 fulminat

305 2383 371 2448 500
406 2382 493 2448 hunc
517 2380 633 2447 saltem
659 2398 774 2447 everso
800 2383 950 2447 iuvenem
976 2400 1162 2448 succurrere
1187 2383 1296 2450 saeclo

398 2506 439 2555 ne
462 2487 646 2571 prohibete!

262 2597 282 2663 ll
306 2596 372 2663 228
406 2596 506 2663 altera
530 2593 704 2661 frumentis
728 2594 896 2678 quomium
919 2593 1016 2662 favet.
1114 2610 1115 2613 ’

304 2704 370 2770 285
406 2721 472 2769 non
497 2703 643 2768 animum
670 2701 770 2768 modo
794 2701 844 2766 uti
866 2707 979 2784 pascat
1003 2708 1207 2787 prospectus.

250 2810 282 2876 lll
306 2810 373 2877 346
409 2828 474 2876 non
500 2793 598 2876 se‘eus
621 2828 667 2894 ac·
684 2811 797 2891 patriis
820 2827 894 2876 acer
918 2808 1087 2877 Romanus
1113 2812 1144 2876 in
1170 2814 1270 2878 armis

407 2919 530 2983 iniusto
554 2914 618 2981 sub
642 2914 732 2982 fasce
757 2918 842 2981 viam
866 2933 966 2999 quom
990 2918 1101 3001 carpit.

304 3023 369 3089 457
406 3025 470 3088 ima
495 3022 589 3088 dolor
612 3022 781 3088 balantum
808 3021 922 3105 lapsus
948 3040 1027 3089 ossa
1051 3039 1124 3090 cum
1146 3022 1234 3091 furit.

304 3130 368 3196 461
406 3129 546 3195 Bisaltae
569 3146 634 3212 quo
657 3146 748 3195 more
771 3129 879 3195 solent
903 3148 1041 3213 acerque
1065 3129 1223 3198 Gelonus.

239 3236 279 3304 ill
324 3237 368 3304 96
724 3236 856 3319 pulvere
880 3236 921 3302 ab
946 3237 1012 3304 aito

396 3360 496 3427 quom
520 3344 609 3409 venit
632 3347 664 3409 et
688 3345 777 3408 sicco
800 3347 918 3409 terram
943 3345 1033 3427 spuit
1057 3359 1112 3410 ore
1137 3345 1250 3411 viator.

305 3448 370 3517 170
403 3469 441 3516 ae
465 3449 563 3516 veluti
590 3448 686 3515 lentis
711 3446 869 3532 Cyclopes
892 3447 1031 3516 fulmina
1057 3453 1189 3517 massis.

397 3574 470 3623 cum
480 3553 502 3639 ¹)
527 3561 710 3640 properant.

302 3663 368 3729 437
403 3665 497 3730 cuius
522 3663 670 3730 Aristaeo
693 3662 849 3746 quonium
874 3668 925 3729 est
948 3663 1058 3730 oblata
1081 3662 1232 3732 facultas.

303 3771 369 3836 575
403 3773 547 3837 earmina
570 3769 630 3853 qui
651 3769 714 3835 iusi
740 3775 909 3853 pastorum
934 3769 1108 3855 audaxque
1133 3773 1275 3838 iuventa.

192 3877 270 3944 fleo.
288 3876 296 3942 l
314 3876 379 3942 287
402 3875 524 3942 famam
549 3875 609 3960 qui
629 3877 781 3942 terminet
803 3878 912 3944 astris.

294 3983 369 4063 ,584
390 3983 514 4050 'medio
540 3986 571 4049 in
596 3981 698 4048 fluctu
722 3999 819 4066 quem
843 3983 988 4049 vidimus
1014 3984 1095 4067 ipse.

303 4090 367 4156 651
405 4090 558 4175 Pergama
582 4095 801 4173 competeret
825 4092 1107 4174 inconcessosque
1132 4090 1343 4175 hymenaeos.

302 4197 368 4263 653
404 4202 568 4280 praeterea
593 4201 768 4280 sceptrum,
793 4196 891 4264 llione
914 4195 1006 4281 quod
1024 4203 1174 4281 gesserat
1197 4196 1286 4265 olim.

300 4356 320 4423 ¹)
341 4362 374 4415 de
394 4360 577 4415 collocatione
605 4350 799 4426 ‚veluticum“
828 4361 1013 4428 similiumque
1037 4363 1109 4415 coni.
1146 4360 1219 4416 conf.
1240 4360 1314 4416 lucr.
1334 4362 1416 4417 1936

193 4451 225 4504 Vl
245 4453 305 4505 661.
342 4450 423 4517 Verg.
442 4466 461 4517 g
481 4450 510 4503 ΙΙΙ
534 4451 585 4503 23Ί
605 4448 672 4504 Aen.
692 4450 710 4503 ΙΙ
731 4450 783 4502 626
804 4449 835 4502 lv
855 4451 908 4503 403
928 4449 958 4502 lx
978 4450 1021 4515 30,
1041 4451 1076 4504 59
1095 4450 1115 4503 ll
1134 4449 1231 4504 sexli
1250 4451 1293 4517 67,
1312 4450 1374 4506 473.
