3322 5236
754 381 796 448 31

164 595 365 680 1111111128
400 599 427 661 si
453 599 544 678 apsis
570 599 699 680 uspiam
708 599 723 668 1
731 603 788 663 aut
813 597 856 663 ibi
880 596 914 662 si
935 614 1056 662 cesses.

274 703 316 768 52
340 709 516 785 postremo,
540 702 592 768 alii
618 703 800 770 clanculum
809 704 825 779 1
833 703 941 787 patres
957 691 1043 785 quite
1057 701 1191 783 iaciunt,
1218 720 1302 787 quae
1326 699 1389 769 lert

338 809 571 876 adulescentia.
617 810 660 876 61
696 814 726 875 ui
751 810 843 895 quod
862 807 909 875 111

273 917 336 982 421
374 917 488 983 nactus
514 918 646 985 sumzlri
673 919 750 984 milri
776 935 816 985 ne
839 922 1097 1001 corrumpantur,
1122 919 1272 983 cautiost

273 1024 339 1089 430
377 1026 486 1108 inepta
512 1024 592 1091 haec
616 1043 702 1105 esse,
727 1044 790 1092 nos
813 1043 899 1109 puae
921 1023 1072 1105 iacimus,
1097 1027 1213 1090 sentio.

273 1131 338 1197 514
373 1130 520 1198 facturus
544 1138 580 1197 ut
603 1134 647 1198 sit
671 1131 818 1198 oliicium
845 1149 951 1197 suom.
987 1159 989 1169 ¹

273 1238 339 1304 530
374 1237 464 1304 hisce
490 1239 588 1322 opera
613 1244 649 1303 ut
671 1238 747 1304 data
773 1240 824 1304 sit.

273 1344 346 1409 741
374 1344 451 1410 illud
478 1345 566 1430 quod
593 1345 708 1411 cecidit
732 1345 824 1425 lorte,
850 1343 880 1409 id
906 1348 973 1410 arte
997 1349 1033 1409 ut
1055 1345 1209 1428 corrigas.

272 1451 337 1516 807
373 1458 553 1535 sumptum,
577 1450 634 1517 11111
648 1453 663 1528 l
677 1469 775 1536 quern
798 1451 932 1518 iaciunt.

273 1558 339 1624 858
375 1561 406 1624 in
432 1559 633 1642 experiundo
658 1565 694 1625 ut
717 1558 879 1643 repudies.
994 1595 997 1603 ·

273 1664 339 1730 905
374 1665 592 1749 hymenaeum
615 1667 676 1751 qui
699 1671 839 1733 cantent.

161 1874 351 1946 Afranii
398 1882 452 1965 qui
488 1898 605 1947 conere
641 1887 739 1947 noctu
776 1879 1064 1951 clanculumlrus
1103 1879 1157 1959 ire,
1199 1878 1309 1946 dotem
1349 1895 1390 1946 ne

367 1986 698 2067 retromittaslvaler,
723 1987 862 2053 honeste
887 1993 922 2052 ut
945 1986 1062 2053 latites.

275 2093 340 2159 106
374 2094 488 2177 aperto
513 2096 627 2177 capite,
652 2093 762 2160 silices
786 2111 859 2160 curn
882 2090 989 2159 lindat
1013 2092 1120 2177 gelus.

274 2201 340 2267 116
377 2200 452 2267 naim
480 2200 582 2284 proba
607 2207 639 2267 et
662 2200 780 2284 pudica
804 2200 895 2285 quod
917 2220 1001 2267 sum.
1130 2247 1131 2250 ,

274 2306 339 2373 122
375 2306 481 2391 puella
508 2325 574 2373 non
600 2326 684 2387 sum,
708 2326 854 2391 supparo
877 2307 911 2373 si
933 2307 1046 2374 induta
1072 2326 1157 2374 sum.
1206 2337 1208 2342 ·

274 2413 340 2479 153
375 2413 455 2479 milri
481 2412 706 2498 supponebas,
731 2431 878 2480 mecum
904 2416 1049 2497 privares
1072 2416 1130 2480 tul.

273 2519 337 2586 161
374 2526 584 2604 praegnatem
609 2520 700 2604 quod
722 2539 788 2587 non
814 2524 931 2605 exigat

272 2627 338 2693 183
373 2628 554 2694 adcenam
578 2645 651 2694 cum
676 2631 759 2709 veni,
785 2632 882 2694 iuvat
933 2652 935 2661 ¹
1028 2680 1064 2684 ..

276 2733 340 2800 184
376 2733 470 2801 lacile
495 2734 684 2801 manducari
708 2735 768 2819 qui
790 2740 909 2819 potest
1037 2784 1039 2789 ⁷
1092 2779 1094 2784 -

274 2840 340 2907 223
376 2840 511 2907 datatim
533 2859 666 2908 uxorem
692 2847 727 2907 ut
750 2841 855 2908 ludas.

272 2948 338 3015 228
372 2968 446 3015 cum
472 2966 602 3029 venero,
626 2947 774 3015 conlecta
800 2954 835 3014 ut
857 2947 1036 3014 oliendam.

271 3056 338 3122 390
373 3055 505 3122 tandem
531 3055 567 3121 ut
589 3059 761 3140 possimus
786 3062 899 3122 nostra
925 3053 1016 3140 iungi
1043 3073 1188 3122 munera.

162 3267 287 3353 Pomp.
310 3272 351 3337 31
388 3290 477 3338 more
501 3270 548 3351 lit,
574 3274 682 3337 moriri
708 3289 802 3337 suam
829 3273 970 3355 quisque
993 3288 1126 3337 uxorem
1145 3277 1181 3337 ut
1196 3269 1281 3337 velit

267 3377 310 3443 97
347 3379 462 3445 mulier
486 3378 543 3445 ubi
565 3381 737 3463 conspexit
760 3385 827 3444 tam
853 3377 988 3444 mirifice
1013 3377 1149 3445 tulatam
1174 3384 1290 3445 truam.

270 3484 335 3551 133
368 3485 408 3552 ad
425 3486 562 3552 Veneris
580 3485 761 3570 proiectust
778 3504 874 3551 mane
891 3479 1031 3565 vetulus,
1055 3491 1168 3553 votum
1186 3491 1222 3551 ut
1238 3484 1388 3552 solveret.

271 3591 335 3657 144
369 3592 494 3676 pra'eter
518 3613 591 3673 nos,
614 3593 673 3660 tibi
697 3611 770 3660 cum
794 3592 965 3659 tunderem
992 3593 1104 3660 labeas
1129 3591 1258 3660 lubens

149 3714 151 3719 ’
267 3699 332 3765 156
367 3703 441 3784 quis
467 3701 518 3767 lric
543 3702 616 3767 est?
640 3719 739 3785 quam
757 3700 800 3767 ob
825 3719 891 3767 rem
914 3701 1064 3783 prostat?
1088 3703 1204 3767 rictum
1223 3706 1255 3767 et
1271 3699 1385 3767 labeas

365 3824 437 3873 curn
461 3808 645 3874 considero.

268 3912 331 3980 171
369 3914 399 3979 ln
431 3921 548 3981 terram
581 3921 616 3981 ut
650 3914 792 3981 cubabat
826 3914 949 3981 nudam
985 3913 1026 3980 ad
1063 3933 1137 3984 eum
1175 3920 1210 3980 ut
1239 3916 1388 4000 coquexi,

367 4023 505 4088 interim.

230 4259 232 4268 ·
267 4234 356 4302 Nov.
380 4234 423 4300 25
455 4236 589 4320 quando
620 4236 661 4302 ad
695 4236 792 4303 ludos
823 4239 921 4318 venit,
952 4235 1004 4302 alii
1029 4253 1101 4303 curn
1125 4241 1243 4316 tacent
1275 4241 1382 4304 toturn

366 4341 490 4422 diem!
503 4349 672 4427 argutatur
695 4346 790 4428 quasi
816 4342 937 4410 cicada.

267 4449 319 4519 44.
344 4448 472 4538 scalpes
496 4449 613 4517 dentes
637 4450 821 4541 derepente,
846 4453 877 4517 in
903 4469 1002 4520 scena
1025 4451 1059 4517 11
1080 4451 1275 4538 peccaveris.
