3322 5236
857 361 899 431 16

374 584 415 649 81
451 582 513 649 sub
538 581 601 648 sibi
627 600 708 648 suco
733 584 855 663 vivont,
880 600 934 648 ros
949 583 977 644 si
992 602 1051 645 non
1070 578 1165 645 cadit.

375 690 437 756 111
471 690 540 756 heri
564 706 639 768 quos
663 691 735 755 emi.

375 799 441 865 198
474 816 561 863 nunc
583 797 768 863 servitussi
791 799 908 876 evenit,
933 798 960 862 ei
986 814 1047 861 vos
1065 797 1250 878 morigerari
1269 815 1343 863 mos
1362 797 1493 866 bonust.

375 905 440 972 206
466 905 615 971 ndstrum
642 903 789 970 ollicium
816 903 898 988 quod
922 909 980 983 est,
1005 906 1032 968 si
1059 902 1189 969 solutos
1214 905 1310 969 sinat.

375 1012 441 1079 266
465 1031 506 1079 ne
536 1011 566 1078 ld
598 1011 741 1095 quidem,
772 1011 937 1077 involucre
963 1013 1089 1089 inicere,
1114 1010 1225 1090 voluit,
1250 1017 1374 1078 vestem
1400 1018 1434 1076 ιι1
1458 1035 1496 1077 ιιι

270 1123 427 1206 inquinet.

292 1306 294 1308 ,
376 1227 440 1293 271
466 1226 661 1310 proxumum
686 1225 769 1308 qnod
792 1227 835 1291 sit
859 1224 948 1290 bono
966 1224 1121 1309 quodque
1138 1243 1156 1290 a
1174 1224 1260 1290 malo
1279 1225 1494 1309 longissume.

376 1334 441 1400 290
466 1333 570 1400 Genio
596 1351 658 1398 suo
682 1332 736 1395 nbi
758 1332 882 1416 quondo
907 1331 1092 1398 sacruficat.

376 1441 443 1507 292
468 1440 605 1524 proinde
630 1440 703 1506 aliis
727 1446 761 1502 nl
785 1439 894 1506 credat
920 1439 1002 1506 vide.

376 1549 442 1615 330
466 1549 540 1614 eum
564 1549 592 1610 si
616 1546 725 1613 reddis
750 1547 837 1626 mibi,
864 1553 1027 1630 praeterea
1046 1566 1146 1612 unum
1167 1566 1337 1614 nummum
1356 1571 1393 1612 ιιι
1409 1550 1493 1619 duis

376 1656 441 1722 337
465 1654 516 1721 lac
542 1657 569 1720 is
594 1654 695 1720 homo
720 1660 754 1716 nt
780 1654 964 1719 redimatur.
1552 1741 1554 1746 ,

377 1763 441 1829 443
466 1762 614 1845 opsecro,
646 1759 810 1827 infidelior
841 1761 919 1826 mibi
951 1783 989 1824 ne
1016 1759 1091 1827 luas
1117 1768 1215 1846 quam¹
1240 1781 1301 1846 ego
1326 1783 1400 1829 sum
1426 1765 1493 1832 tibi.

376 1870 442 1937 446
467 1868 554 1936 satin
580 1867 693 1949 babes
719 1868 873 1934 mandata
898 1875 1086 1953 quaesunt,
1110 1869 1194 1935 lacta
1218 1872 1246 1932 si
1271 1869 1399 1937 relero?

377 1978 443 2044 449
467 1977 605 2060 sequere
630 1995 691 2055 me,
716 1978 869 2042 viaticum
895 1982 930 2039 ut
954 1976 1027 2042 dem
1054 1996 1072 2041 a
1096 1980 1253 2061 trapezita
1275 1977 1343 2044 tibi.

377 2085 440 2151 451
467 2083 542 2150 binc
568 2086 611 2150 ire
636 2083 711 2150 lrulc
734 2090 769 2146 ut
793 2083 887 2149 liceat
912 2083 1058 2149 domum.

377 2191 443 2258 460
467 2191 604 2275 se'quere
628 2197 673 2270 tu,
697 2197 728 2257 te
753 2195 788 2253 ut
812 2193 970 2256 amittam.

378 2298 444 2365 486
467 2298 584 2364 dentes
608 2303 643 2360 ut
668 2300 907 2380 restringerent.
953 2298 1019 2363 513
1043 2316 1117 2363 eum
1136 2299 1199 2364 sibi
1217 2305 1251 2360 nt
1268 2299 1361 2366 liceat
1377 2301 1496 2367 videre.

379 2405 444 2470 515
468 2423 542 2470 eum
569 2404 737 2470 bominem
765 2406 811 2466 uti
835 2407 1024 2470 convenias.

378 2511 443 2577 523
467 2511 580 2594 operta
604 2532 682 2594 qaue
705 2509 805 2591 luere,
829 2517 940 2593 aperta
966 2517 1053 2576 sunt.

378 2619 445 2684 568
470 2618 682 2684 Philocratem
708 2619 762 2701 qui
785 2636 922 2700 superes
947 2618 1138 2685 veriverbio.

377 2725 443 2791 569
469 2725 521 2808 pol
553 2743 614 2808 ego
646 2731 679 2787 nt
711 2744 776 2790 rem
810 2724 915 2805 video,
943 2731 978 2790 tu
1008 2726 1179 2805 inventus,
1204 2745 1278 2792 vera
1304 2728 1495 2793 vanituidne

272 2835 325 2917 qui
348 2835 536 2899 convincas,

379 2939 444 3006 700
468 2938 586 3005 benest
610 2961 617 3004 :
643 2957 701 3004 uec
725 2941 936 3023 quisquamst
961 2942 1013 3019 mi,
1038 2958 1141 3023 aeque
1167 2941 1284 3005 melius
1300 2942 1372 3023 quoi
1388 2940 1495 3006 velim.

380 3046 444 3112 745
478 3045 518 3110 de
543 3064 594 3110 me
620 3051 653 3107 nl
678 3047 833 3110 meruisti.

380 3152 444 3219 779
478 3155 582 3236 primo
607 3171 646 3217 ex
672 3151 744 3218 med
771 3151 855 3217 banc
881 3171 946 3218 rem
974 3158 1007 3214 ut
1030 3152 1152 3218 audiat.

381 3256 445 3324 788
478 3257 536 3324 sed
563 3259 729 3342 Ergasilus
754 3259 848 3324 estne
874 3258 933 3338 bic,
960 3259 1070 3341 proctil
1094 3281 1183 3343 quem
1208 3260 1313 3326 video.

381 3365 446 3431 817
478 3365 512 3430 dt
537 3368 652 3447 sciant,
676 3365 783 3432 alieno
809 3384 891 3431 naso
916 3388 1009 3449 quoru
1034 3366 1210 3433 exhibeant
1234 3367 1429 3435 molestiam.

380 3473 445 3538 844
480 3475 522 3538 ita
547 3472 621 3539 dico
646 3495 652 3538 :
678 3492 819 3557 maguus
843 3478 878 3535 ut
902 3475 953 3538 sit.

380 3579 444 3644 871
479 3579 576 3663 igitur
599 3580 677 3645 olim
701 3582 729 3642 si
750 3578 971 3659 advenissem,
998 3583 1103 3663 magis
1121 3586 1154 3645 tu
1172 3587 1241 3645 tum
1261 3583 1345 3648 istuc
1362 3581 1496 3648 diceres.

380 3686 446 3752 908
478 3687 510 3752 e't
534 3705 617 3769 quae
639 3686 783 3770 pendent
807 3685 1015 3752 indemnatae
1033 3689 1143 3770 pernis
1160 3687 1317 3754 auxilium
1336 3694 1370 3751 ιι1
1385 3688 1496 3755 leram.

380 3793 445 3859 929
479 3792 562 3859 satis
587 3796 649 3860 iam
676 3794 785 3860 audivi
804 3799 879 3858 tuas
905 3812 1081 3859 aerumnas
1106 3793 1146 3858 ad
1173 3800 1302 3877 portum
1325 3796 1403 3861 milri
1421 3817 1497 3880 qnos

275 3902 508 3967 memoravisti.
1301 3962 1304 3968 ,

381 4007 446 4073 947
480 4006 513 4073 at
534 4006 577 4072 0b
601 4027 672 4074 earn
699 4027 765 4074 rem
791 4007 869 4073 milri
896 4006 1037 4072 libellam
1064 4025 1121 4091 pro
1146 4027 1185 4073 eo
1210 4012 1334 4092 argenti
1359 4031 1397 4072 ιιι
1413 4009 1497 4076 duis.

381 4115 448 4181 949
479 4114 646 4181 bominem
673 4117 720 4179 nli
744 4116 860 4181 iubeas
884 4117 1017 4181 arcessi.

276 4328 347 4396 Cas.
380 4328 524 4395 2lide'm
549 4332 603 4414 qui
625 4328 733 4396 lacitis
759 4331 902 4395 maxumi
927 4335 959 4394 et
983 4347 1044 4395 vos
1070 4328 1173 4395 Fides.

384 4436 426 4501 15
460 4455 534 4501 nam
561 4436 725 4502 iuniorum
750 4439 804 4520 qui
827 4441 914 4516 sunt,
939 4455 1005 4502 non
1031 4444 1159 4517 norunt,
1184 4440 1262 4504 scio.
