3360 5236
400 601 465 669 146
501 602 581 668 iraec
606 602 710 668 multo
733 602 767 669 si
781 601 874 686 sorte
897 620 1010 668 umore
1035 603 1163 685 recepit.

401 709 465 776 150
500 709 622 775 aridior
645 716 741 793 porro
763 710 798 775 ai
821 708 929 775 nubes
953 711 1071 792 accipit
1096 711 1215 791 ignem.

399 817 465 883 160
500 815 607 882 nubes
632 818 718 901 ignis
742 834 814 883 cum
838 818 965 883 semina
991 816 1305 893 muitaiexcussere.

399 923 463 990 152
500 923 698 990 lauricomos
722 925 791 990 utsi
813 943 869 1008 per
894 927 1017 989 montis
1042 922 1176 989 ilamma
1202 927 1345 1007 vagetur.

400 1030 465 1127 330
501 1031 620 1097 validis
644 1049 730 1115 quoe
753 1031 793 1098 de
821 1034 994 1097 tormentis
1020 1033 1122 1096 missa
1147 1030 1303 1096 ieruntur.

348 1149 366 1176 ·“
401 1138 466 1204 375
503 1139 534 1203 in
560 1156 600 1204 eo
622 1139 656 1204 si
677 1145 823 1223 ternpore
848 1128 965 1205 fiunt

399 1245 464 1312 311
500 1248 633 1329 ancipiti
658 1247 815 1329 quonium
839 1246 925 1312 betto
951 1245 1107 1312 turbatur.

398 1352 461 1418 391
497 1351 652 1419 flammas
678 1358 713 1418 ut
735 1353 875 1437 fulguris
902 1353 1021 1419 halent.

398 1460 464 1525 398
500 1461 601 1543 patris
624 1478 697 1526 curn
721 1460 821 1526 telum
849 1463 1094 1544 perpetiuntur!
1104 1459 1253 1526 obtundi.

397 1566 464 1632 496
497 1566 667 1633 demissus
691 1573 727 1632 ut
751 1566 855 1633 imber
879 1566 1017 1633 decidat.

415 1673 481 1740 523
516 1678 664 1757 terraque
689 1696 757 1737 cum
781 1674 916 1761 fumans
944 1693 1091 1741 umorem
1117 1680 1185 1739 tota
1211 1673 1366 1739 rediraiat.

416 1781 482 1871 582
518 1782 615 1847 incita
639 1802 708 1844 cnm
733 1784 811 1860 vis!
824 1785 1013 1864 erumpitur.

415 1887 480 1953 612
516 1890 627 1953 omnia
651 1909 730 1971 qrme
753 1891 854 1954 maria
878 1906 916 1954 ac
940 1893 1043 1954 terras
1069 1894 1238 1972 spargunt.

416 1994 482 2060 639
519 2012 575 2077 per
598 1992 711 2061 iauces
737 1998 860 2061 montis
885 2000 919 2057 nt
944 1995 1066 2061 Aetnae
1090 1997 1258 2079 exspirent
1282 1998 1384 2078 ignes.

417 2101 481 2167 705
517 2119 637 2185 corpus
680 2107 713 2164 nt
754 2105 942 2190 exanimum
981 2102 1100 2186 siquod
1139 2101 1250 2185 procui
1299 2104 1369 2184 ipse
1416 2103 1518 2167 iacere

518 2211 715 2291 conspicias
751 2197 756 2208 ⁸

394 2315 481 2381 1030
517 2320 606 2399 parte
630 2315 712 2399 quod
735 2335 773 2382 ex
800 2335 864 2382 una
890 2319 1033 2400 spatium
1060 2322 1161 2382 vacat.

395 2421 481 2510 1071
519 2441 606 2488 mare
629 2424 663 2484 si
681 2427 785 2488 totum
813 2423 890 2489 velit
915 2423 1029 2489 eluere.

394 2528 481 2594 1205
517 2528 715 2612 profluvium
743 2547 839 2611 porro
870 2531 924 2613 qni
955 2532 1046 2595 taetri
1080 2531 1254 2612 sanguinis
1285 2548 1358 2594 acre
1388 2532 1518 2595 exierat.

287 2739 364 2809 Cat.
393 2742 463 2812 1019
502 2743 668 2826 provincia
693 2742 777 2825 qnod
800 2742 883 2808 mala
911 2743 1091 2808 incidisset.

393 2850 464 2920 131⁴
500 2855 606 2915 totum
631 2855 719 2916 otte
743 2849 866 2915 iaciant
892 2848 1022 2915 Fabulle
1049 2869 1176 2915 nasum.

384 2955 463 3026 ’1411
502 2957 600 3035 misti,
625 2959 783 3021 continuo
808 2962 842 3017 ut
866 2956 918 3021 die
945 2959 1069 3038 periret.

393 3061 464 3132 1710
501 3081 612 3127 verum
639 3065 741 3127 totius
766 3068 800 3123 ni
825 3062 915 3128 incus
946 3062 1144 3145 putidaeque
1163 3061 1293 3145 paludis
1317 3069 1367 3128 est
1384 3082 1516 3146 vorago.

437 3202 462 3240 aa
500 3168 636 3234 ferream
661 3175 696 3231 ui
719 3169 843 3235 soleam
870 3172 975 3235 tenaci
1002 3172 1032 3235 in
1058 3171 1214 3252 voragine
1241 3169 1336 3234 mula.

392 3276 448 3346 tn
498 3294 564 3341 non
590 3278 772 3342 immerenti
797 3298 889 3359 quum
916 3277 993 3341 mitri
1021 3295 1115 3341 meus
1144 3282 1257 3341 uenter
1280 3329 1286 3340 .
1312 3329 1317 3342 .
1342 3329 1348 3341 .
1373 3276 1471 3342 dedit.

392 3384 462 3453 5111
499 3382 587 3471 111111
611 3383 693 3466 qnod
716 3372 803 3448 bona
828 3383 1028 3466 comprobet.

392 3490 462 3556 6211
500 3492 596 3556 tacita
620 3511 708 3573 quem
734 3496 841 3556 mente
868 3494 1044 3574 requirunt.

390 3598 446 3667 631
495 3596 669 3680 Phrygium
695 3603 729 3660 ui
755 3617 873 3663 nemus
899 3600 997 3663 citato
1024 3597 1141 3683 cupide
1168 3597 1250 3679 pede
1275 3599 1389 3679 tetigit.

391 3704 446 3774 641
495 3704 571 3770 diva
596 3704 706 3787 quidus
730 3708 874 3771 retinens
902 3708 932 3770 in
959 3707 1101 3771 summis
1128 3702 1264 3769 urbibus
1289 3723 1380 3769 arces

501 3813 572 3894 ipsa
599 3809 658 3875 tevi
685 3809 761 3876 iecit
785 3811 977 3891 volitantem
1003 3810 1137 3876 iiamine
1161 3829 1299 3875 currum.

436 3951 462 3988 n
501 3916 640 3983 sedibus
666 3920 696 3981 in
724 3918 851 3997 mediis
877 3917 956 3982 indo
980 3917 1062 4001 qnod
1086 3917 1183 3982 dente
1209 3917 1346 3999 politum

499 4027 599 4089 tincta
625 4026 705 4106 tegit
730 4043 826 4089 roseo
851 4024 1000 4107 conchyli
1027 4043 1168 4107 purpura
1194 4022 1278 4089 iuro.

435 4165 460 4202 11
500 4149 598 4196 saxea
623 4135 657 4192 ni
681 4129 810 4214 eiiigies
836 4130 1027 4197 bacchantis
1053 4133 1220 4213 prospicit.

435 4271 460 4309 n
499 4256 516 4302 1
542 4239 671 4316 misera,
695 4237 846 4302 adsiduis
871 4259 963 4320 qnam
989 4236 1131 4302 iuctibus
1158 4229 1391 4314 1111111111Ι

424 4326 614 4415 „scastae
637 4365 704 4407 cunr
731 4347 860 4409 moenia
886 4344 1008 4416 divae!
1020 4397 1026 4408 .
1052 4397 1058 4410 .
1082 4397 1089 4408 .
1115 4343 1332 4410 concrederet.
1503 4421 1505 4426 .

423 4484 465 4524 22⁶
503 4458 637 4518 nostros
661 4457 696 4513 nt
712 4451 819 4518 luctus
839 4458 1035 4534 nostraeque
1054 4452 1203 4517 incendia
1222 4455 1380 4517 mentis..
1394 4504 1400 4516 .
1414 4452 1515 4518 decet.
