3360 5236
780 357 990 461 ,34-

268 573 346 644 Αεη.
371 573 379 640 l
405 576 422 639 1
459 573 573 642 Troiae
597 576 651 658 qui
674 577 800 658 primus
824 557 958 642 ab'oris
984 573 1105 640 ltaliam
1132 626 1138 640 .
1163 626 1170 639 .
1194 626 1201 639 .
1225 575 1324 640 venit.

375 681 438 747 151
475 683 594 765 pietate
618 700 751 766 gravem
782 700 820 748 ac
852 683 976 748 meritis
999 682 1028 744 ai
1052 679 1137 762 sorte
1159 682 1496 764 virumlconspexere

374 788 440 854 205
475 787 574 855 sedes
597 788 652 852 ubi
673 788 740 855 lata
766 791 894 873 quietas
903 788 1117 866 instendunt.

374 895 440 961 410
475 898 581 978 primo
605 911 683 975 qliae
707 896 835 979 prodita
861 914 982 961 somno
1006 893 1199 978 Tydides..
1238 894 1400 960 vastabat.

374 1002 437 1069 511
475 1008 543 1069 ater
565 1023 640 1087 orcos
664 1022 805 1088 aequore
829 1003 949 1079 turbo!
958 1002 1147 1086 dispulerat

374 1109 440 1175 522
465 1128 584 1176 novam
610 1112 660 1174 cui
683 1111 824 1177 condere
847 1110 1001 1193 ‹luppiter
1025 1109 1136 1176 urbem
1164 1162 1170 1175 .
1194 1162 1201 1175 .
1225 1162 1232 1174 .
1257 1109 1356 1175 dedit.

374 1217 440 1283 602
476 1236 632 1303 magnum
657 1239 736 1302 quae
759 1237 875 1302 sparsa
901 1236 958 1301 per
981 1217 1104 1284 orbem.

327 1342 349 1410 ll
374 1342 440 1408 230
464 1362 592 1410 sacrum
618 1345 672 1427 qni
694 1344 832 1426 cuspide
857 1342 953 1408 robur
962 1342 1125 1416 llaescrit.

314 1499 317 1505 .
374 1449 441 1516 412
475 1449 593 1534 frigida
617 1449 681 1516 sub
705 1455 788 1516 terra
813 1449 976 1516 tumidum
1001 1470 1089 1533 quem
1114 1448 1229 1515 bruma
1254 1448 1393 1532 tegebat.

374 1557 441 1622 545
476 1575 574 1623 rauco
597 1556 680 1640 quod
704 1559 854 1640 protinus
878 1575 951 1623 aere
977 1556 1143 1639 repulsum
1170 1608 1177 1621 .
1201 1609 1208 1622 .
1232 1608 1239 1622 .
1264 1555 1427 1639 pependit.

374 1663 441 1729 626
475 1682 513 1730 ac
537 1664 625 1730 velut
649 1666 819 1748 antiquam
848 1667 879 1729 in
905 1663 1078 1730 montibus
1102 1682 1220 1729 ornum

475 1792 543 1834 curn
569 1769 653 1837 terro
678 1773 820 1838 accisam
846 1769 1034 1854 crebrisque
1059 1769 1261 1853 bipennibus
1287 1772 1420 1835 instant.

313 1914 437 1981 111486
471 1916 582 1999 accipe
609 1920 641 1980 et
670 1914 758 1994 baec,
796 1932 954 1980 manuum
983 1912 1041 1979 tibi
1073 1933 1152 1996 quoe
1179 1918 1394 1979 monumenta
1428 1931 1497 1978 me-

473 2040 564 2088 arum
591 2024 667 2088 sint.

310 2165 350 2232 lV
373 2164 439 2230 248
474 2167 616 2233 cinctum
652 2163 792 2230 adsidue
823 2164 873 2227 cui
904 2162 1050 2230 nubibus
1081 2165 1160 2228 atris

473 2271 647 2359 piniferum
679 2277 778 2356 caput
801 2277 833 2338 et
856 2276 955 2358 vento
981 2270 1131 2355 pulsatur
1154 2275 1186 2336 et
1211 2270 1317 2336 imbri.

376 2379 441 2446 263
476 2379 570 2447 dives
595 2400 674 2464 quoe
697 2397 832 2445 munera
859 2367 941 2444 orco
965 2376 1095 2444 lecerat.

375 2486 438 2553 461
476 2505 541 2553 nox
565 2508 634 2551 cum
658 2492 760 2552 terras
785 2485 926 2552 obscura
950 2490 1085 2551 teneret.

375 2594 441 2660 684
476 2599 642 2661 extremus
664 2594 761 2677 siquis
785 2611 885 2676 super
910 2591 1031 2658 balitus
1056 2598 1148 2658 errat.

336 2736 430 2803 vat
465 2736 632 2803 caeruleae
656 2736 707 2799 cui
731 2740 820 2819 terga
847 2740 943 2801 notae
977 2734 1168 2801 maculosus
1305 2733 1496 2801 incendeba.

376 2842 439 2909 131
476 2842 595 2927 longos
619 2841 674 2905 ubi
697 2840 950 2907 circumflectere
975 2859 1093 2907 cursus
1118 2837 1273 2921 (scirent).

375 2949 441 3015 274
475 2967 549 3016 aera
574 2969 662 3033 quem
687 2947 858 3031 obliquum
885 2953 954 3013 rota
979 2950 1106 3013 transit.

376 3055 440 3122 661
472 3074 594 3122 cursus
619 3060 653 3117 ut
678 3053 784 3120 laetus
810 3052 1161 3138 equestresiducebat.

313 3181 352 3248 Vl
377 3180 443 3247 453
478 3180 607 3264 qualem
633 3181 738 3263 primo
756 3180 810 3264 qui
826 3197 959 3263 surgere
979 3197 1093 3245 mense

474 3292 531 3352 aut
547 3285 636 3352 videt
651 3292 708 3352 aut
728 3287 853 3353 vidisse
879 3291 973 3370 putat
997 3304 1054 3369 per
1077 3285 1189 3384 nubila
1215 3285 1335 3350 lunam.

376 3395 439 3461 531
478 3395 532 3478 pio
555 3394 584 3456 ci
607 3411 733 3476 poenas
757 3411 813 3460 ore
838 3411 986 3478 reposco.

299 3537 350 3604 Vll
374 3536 419 3602 83
455 3553 626 3602 nemorum
652 3556 730 3619 quoe
753 3537 895 3601 maxima
921 3535 1129 3602 sacrofonte
1155 3540 1260 3601 sonat.

380 3643 447 3709 268
483 3648 534 3710 est
558 3642 636 3709 mibi
663 3647 748 3723 nata,
773 3645 843 3708 viro
866 3645 976 3727 gentis
999 3663 1090 3726 quom
1118 3645 1251 3727 iungere
1269 3649 1401 3710 nostrae

476 3769 542 3818 non
569 3752 673 3834 patrio
698 3768 737 3816 ex
761 3750 861 3834 adyto
886 3755 1066 3816 sortes...
1090 3752 1213 3816 sinunt.

377 3858 443 3926 136
478 3857 655 3925 Teleboum
682 3855 823 3941 Capreas
847 3877 915 3919 cum
941 3875 1040 3942 regna
1064 3862 1196 3924 teneret.
1321 3868 1322 3871 ’

377 3966 442 4033 146
478 3963 609 4032 horrida
634 3965 807 4049 praecipue
831 3964 882 4026 cul
904 3982 988 4047 gens
1013 3961 1082 4042 (sel.
1107 3960 1179 4045 est).

285 4109 349 4176 Vlll
374 4108 440 4174 110
814 4105 922 4171 audax
947 4120 1022 4183 punc
1044 4124 1193 4189 rumpere
1218 4106 1322 4174 Pallas

378 4232 470 4282 sacra
495 4219 582 4280 vetat
607 4210 672 4279 110
696 4213 750 4279 lux
774 4233 843 4275 cum
868 4214 1009 4296 primum
1033 4215 1128 4279 terris
1150 4232 1186 4280 se
1203 4217 1344 4282 crastina
1362 4214 1498 4281 reddett.

377 4322 441 4388 391
742 4399 745 4406 Ι
852 4320 974 4384 tonitru
999 4340 1066 4382 curn
1093 4326 1185 4403 rupta
1211 4340 1349 4388 corusco

478 4429 573 4512 ignea
598 4429 679 4493 rima
703 4409 830 4493 micans
855 4428 1011 4510 percurrit
1035 4427 1158 4494 lumine
1183 4429 1326 4496 nimbos.
