3322 5236
681 379 892 476 „33-

282 590 347 656 215
379 589 518 673 Scapha,
543 591 575 655 id
599 597 634 657 46
660 592 738 657 mihi
763 614 802 655 ne
825 592 979 678 suadeas.

281 696 347 763 242
381 716 439 781 pro
464 696 550 762 illius
575 701 680 782 capite
704 698 787 778 quod
810 698 895 764 dedi.

282 803 347 869 249
379 803 493 869 drnata
518 810 552 867 64
575 807 648 885 sim,
672 824 772 889 quom
799 805 862 871 huc
886 806 1042 872 adveniat
1067 805 1280 872 Philolaches.

281 910 347 975 309
381 909 464 990 vide,
488 911 542 976 tali
569 911 622 974 ubi
645 915 721 978 sint.

280 1017 346 1082 395
378 1017 409 1083 61
446 1017 534 1098 mihi,
574 1037 682 1102 quam,
728 1021 828 1084 istaec
866 1017 985 1085 blanda
1023 1019 1109 1085 dicta
1145 1035 1203 1099 quo
1238 1021 1400 1100 eveniant,

381 1124 498 1190 madeo
523 1130 623 1191 metu.

280 1248 346 1314 414
378 1249 551 1333 tranquille
575 1256 691 1317 cuncta
717 1257 748 1316 et
769 1255 806 1312 64
830 1253 1024 1333 proveniant
1048 1252 1120 1317 sine
1145 1250 1241 1318 malo.

281 1355 347 1421 424
381 1358 485 1439 capite
510 1355 669 1423 obvoluto
693 1363 729 1419 64
751 1355 855 1440 lugiat
880 1376 953 1423 cum
980 1376 1112 1423 summo
1137 1363 1235 1424 metu.

281 1462 347 1527 465
380 1463 500 1542 metuo,
524 1470 555 1529 te
579 1470 677 1547 atque
703 1466 786 1529 istos
812 1466 941 1548 expiare
967 1470 1002 1527 64
1027 1465 1170 1547 possies.

281 1569 347 1635 468
380 1568 479 1635 aedes
503 1592 542 1632 ne
564 1572 720 1654 altigatis.

281 1675 346 1742 472
380 1677 566 1743 sermdnem
600 1684 749 1743 nostrum
781 1680 835 1756 qni
865 1684 1013 1762 aucupet.
1040 1677 1224 1743 —lutum
1256 1677 1400 1762 probest

281 1782 346 1848 529
377 1790 409 1850 et
440 1785 502 1867 e'go
527 1820 568 1830 -
592 1785 649 1851 tibi
681 1784 779 1851 hodie
802 1790 837 1848 64
861 1784 923 1864 det,
948 1803 1058 1864 senex,
1084 1803 1241 1868 magnum
1267 1785 1399 1852 malum.

282 1889 347 1954 590
380 1891 541 1957 molestus
565 1893 593 1954 ai
616 1911 701 1970 sum,
726 1891 851 1958 reddite
874 1896 1056 1975 argentum.

282 1996 348 2062 623
381 1996 511 2064 danista
535 2000 589 2077 qvi
612 2002 664 2079 sit,
687 2017 795 2082 genus
820 1997 908 2083 quod
936 1997 1231 2081 improbissumum
1256 2005 1317 2065 est.

282 2103 348 2169 740
381 2106 460 2189 qul?
481 2109 557 2189 quia
580 2109 669 2172 venit
686 2108 790 2184 navis,
808 2112 939 2170 nostrae
958 2107 1031 2170 navi
1050 2121 1127 2184 qliae
1143 2103 1271 2188 lrangat
1289 2112 1399 2172 ratem.

283 2211 347 2277 789
380 2215 551 2295 antiquom
577 2215 708 2295 optines
734 2213 796 2278 hoc
821 2218 923 2292 tuom,
947 2211 1061 2277 tardus
1085 2216 1120 2274 64
1144 2213 1202 2277 sis.

282 2316 348 2383 812
380 2318 477 2384 video
503 2353 543 2362 —
568 2318 651 2403 Ergo
677 2318 815 2384 inridere
839 2339 877 2380 ne
899 2317 1031 2383 videare
1055 2324 1087 2383 et
1110 2319 1240 2400 gestire.

282 2424 347 2491 876
381 2424 435 2490 664
461 2424 640 2491 advorsum
666 2431 701 2488 64
724 2432 800 2491 eant
824 2427 1009 2490 vocitantur
1033 2442 1096 2490 ero.

281 2527 346 2597 917
380 2532 438 2616 qul
468 2532 584 2615 subegi
614 2531 747 2599 laenore
771 2538 952 2616 argentum
968 2530 1010 2596 ab
1035 2531 1164 2596 danista
1191 2536 1223 2593 64
1247 2536 1399 2597 sumeret.

282 2637 370 2704 1095
404 2640 443 2705 ne'
474 2643 560 2705 enim
592 2640 635 2705 illi
662 2639 724 2705 huc
749 2638 925 2722 conlugere
951 2641 1091 2721 possint,
1115 2640 1301 2721 quaestioni
1326 2654 1400 2717 piros

389 2745 489 2812 dabit.

282 2851 369 2919 1427
404 2852 501 2919 iubeo
534 2859 565 2919 te
602 2832 742 2919 salvere¹
763 2859 802 2931 et,
840 2852 952 2918 salvos
989 2867 1080 2930 6666
1112 2851 1259 2930 advenis
1293 2849 1399 2916 Theo-

395 2959 551 3043 propides
576 3013 582 3024 .
607 3012 614 3024 .
639 3012 645 3024 .
669 2958 810 3042 gaudeo.

283 3067 369 3133 1142
404 3069 503 3132 nimis
529 3069 582 3145 664
605 3087 642 3133 es
666 3072 775 3132 orator
799 3071 901 3131 catus

283 3175 371 3241 1145
404 3174 455 3241 laic
479 3192 541 3258 ego
567 3196 604 3237 ne
629 3180 771 3239 metuam
799 3172 887 3238 mihi.

178 3349 272 3416 Persa
306 3354 349 3418 98
384 3353 460 3418 nolo
487 3354 518 3417 46
544 3354 687 3418 vesicam
714 3350 796 3429 6664
820 3356 880 3430 eat,
905 3353 936 3415 46
963 3356 1107 3415 ventrem
1133 3349 1218 3416 volo.

285 3477 349 3543 178
382 3496 443 3561 ego
470 3478 554 3543 istuc
579 3476 742 3561 placidum
769 3474 826 3540 4464
853 3480 887 3537 64
911 3477 954 3540 644
977 3473 1104 3541 laciam.

284 3602 346 3667 181
382 3605 425 3670 ire'
451 3602 543 3669 decet
568 3621 628 3681 me,
655 3608 689 3666 64
713 3619 785 3666 erae
811 3618 1004 3684 opsequens
1022 3598 1110 3679 liam,
1136 3598 1233 3666 libera
1251 3617 1288 3665 ea
1301 3616 1400 3682 opera

381 3714 474 3776 ocius
500 3715 533 3772 64
557 3712 609 3775 644.

284 3817 348 3882 236
384 3819 470 3883 e'nim
498 3836 562 3883 non
591 3817 654 3882 ibis
680 3834 775 3894 6666,
801 3816 946 3880 vicissim
972 3815 1034 3877 nisi
1057 3817 1136 3880 scio.

283 3943 348 4009 237
382 3949 415 4008 46
443 3950 475 4005 64
500 3945 547 4008 346
574 3945 663 4026 peior
688 3959 787 4025 quam
814 3958 875 4024 ego
900 3941 992 4005 siem.

285 4069 351 4134 240
384 4086 502 4133 omnes
528 4070 607 4133 muti
634 4067 901 4150 iit-loquerentur
926 4068 1026 4149 prius.

283 4193 348 4259 242
367 4193 484 4258 omnes
510 4194 590 4258 muti
615 4197 649 4254 64
674 4188 929 4275 (elloquereotur
953 4192 1052 4273 prius.

284 4320 349 4386 289
383 4321 507 4385 utinam
533 4318 635 4384 vades
660 4318 779 4399 desint,
805 4319 836 4383 in
862 4335 987 4383 carcere
1012 4320 1046 4378 64
1070 4317 1127 4380 646.

283 4428 349 4496 290
382 4425 515 4494 tandem
540 4432 574 4488 64
598 4427 702 4495 liceat.
