3322 5236
780 334 992 431 -llffl

381 545 422 612 Pl.
446 547 533 612 iiten.
558 546 624 631 150
646 553 677 613 te
702 566 835 629 morare,
860 549 943 613 milri
966 567 1064 632 quom
1091 546 1276 629 obloquere.

378 653 474 720 diere.
498 654 565 719 510
588 653 673 719 dono
697 657 724 719 si
750 674 825 720 esse
849 657 909 731 uis,
934 654 1013 722 dene
1036 657 1095 720 erit
1120 654 1186 720 tibi.

379 760 447 826 luit.
472 760 538 826 265
562 765 667 826 tacere
693 753 829 845 nequeo,
853 762 946 828 solus
970 763 1058 846 quod
1085 764 1163 828 scio.

469 866 534 933 763
559 867 668 933 bonus
693 867 776 935 bene
802 874 836 933 ut
861 869 966 934 malos
991 869 1165 952 descripsit
1190 887 1307 935 mores

348 1058 350 1063 Δ
380 974 464 1041 Pers.
488 975 531 1041 98
556 976 641 1056 nolo,
666 976 699 1041 in
724 976 863 1042 vesicam
888 976 975 1060 quod
1002 983 1062 1056 eat,
1086 977 1119 1042 in
1145 983 1285 1043 uentrem
1309 977 1391 1045 uolo.

379 1082 473 1149 Poen.
498 1081 540 1148 23
563 1083 653 1149 serui
675 1102 715 1150 ne
741 1083 925 1164 obsideant,
950 1083 1062 1150 liberis
1086 1090 1121 1150 ut
1146 1087 1189 1149 sit
1213 1083 1315 1150 locus.

380 1207 491 1293 Neque
516 1208 593 1274 illud
621 1208 861 1293 neglegendum
894 1215 945 1275 est
977 1212 1228 1276 coniunctiones
1260 1215 1292 1274 et
1316 1227 1492 1292 pronomen

273 1314 441 1380 relativum
468 1318 570 1398 prima
596 1316 674 1382 sede
702 1324 791 1382 mota
816 1319 843 1381 si
870 1335 975 1400 neque
1000 1323 1075 1382 ante
1100 1319 1208 1399 ipsum
1238 1315 1373 1382 uerbum
1406 1315 1494 1385 locus

272 1422 462 1488 conceditur
486 1442 592 1506 neque
617 1425 712 1489 certis
742 1423 941 1507 quibusdam
974 1432 1004 1489 et
1036 1423 1144 1489 solitis
1174 1442 1291 1488 vocum
1325 1423 1493 1493 ordinibus

272 1547 335 1594 suo
369 1528 441 1595 loco
476 1532 673 1610 inseruntur,
710 1532 846 1613 primam
883 1531 995 1596 sedem
1033 1533 1102 1596 sive
1138 1533 1240 1596 totius
1276 1549 1392 1595 uersus
1428 1533 1496 1594 sive

272 1635 448 1719 particulae
472 1655 589 1702 versus
614 1637 659 1718 (iu
686 1643 736 1703 est
761 1643 838 1720 post
861 1634 1028 1719 caesuras)
1057 1643 1205 1720 expetere
1237 1645 1334 1720 atque
1365 1637 1497 1702 ambire.

379 1759 494 1827 Paucis
519 1760 581 1827 lroc
606 1761 783 1828 iliustretur
806 1762 978 1845 exemplis:

379 1867 465 1934 Lucr.
490 1867 522 1934 ΙΙΙ
547 1869 613 1934 992
637 1869 696 1935 sed
720 1869 833 1952 Tityos
859 1872 956 1936 nobis
985 1870 1035 1935 iric
1060 1877 1119 1950 est,
1146 1871 1176 1934 in
1202 1889 1313 1934 amore
1338 1872 1495 1934 iacentem

643 1990 740 2056 quem
765 1976 914 2042 volucres
940 1977 1089 2043 lacerant.

378 2081 496 2148 vtro
520 2090 651 2165 propter
683 2083 864 2149 dissimiles
895 2082 1019 2148 formas
1051 2087 1223 2166 variasque
1255 2082 1379 2166 figuras

517 2188 608 2269 qnod
629 2209 693 2255 non
721 2193 831 2255 omnia
858 2193 904 2256 sic
930 2198 1079 2273 poterant
1104 2194 1278 2256 coniuncta
1304 2210 1442 2255 manere.

378 2314 565 2398 Verg.rlen.
591 2314 641 2379 Vll
661 2315 704 2380 38
735 2315 862 2380 aduena
897 2314 1140 2383 classemlcum
1172 2316 1315 2399 primum
1340 2314 1496 2380 Ausoniis

271 2423 431 2487 exercitus
455 2421 582 2504 adpulit
606 2425 681 2487 oris.

377 2528 443 2595 699
479 2531 563 2594 niuei
601 2529 723 2612 liquida
760 2533 842 2595 inter
878 2529 989 2607 nubila
1020 2532 1111 2613 cycni

475 2653 547 2702 cunr
572 2655 647 2701 sese
682 2656 698 2702 e
731 2643 827 2719 pastu
856 2636 998 2702 relerunt
1023 2690 1154 2702 .....
1180 2643 1278 2702 sonat
1302 2639 1419 2702 amnis.

380 2761 531 2828 lucreti
565 2760 631 2827 200
663 2780 728 2827 non
764 2764 878 2845 potuit,
911 2763 1078 2845 pedibus!
1089 2763 1148 2842 qui
1171 2768 1306 2845 pontum
1333 2782 1389 2846 per
1413 2762 1494 2827 vada

273 2874 412 2952 possent
436 2870 583 2934 transire.

378 2993 418 3058 ly
436 2993 522 3059 1009
547 2997 718 3077 accipitres
744 3014 864 3059 somno
890 2998 921 3059 in
948 2994 1009 3061 leni
1019 2995 1074 3070 lai
1096 2994 1215 3077 proelia
1248 3014 1377 3077 pugnas
1401 2993 1489 3058 eun-e

271 3107 350 3167 sunt
374 3106 606 3184 persectantes.

378 3225 406 3291 V
437 3245 476 3291 ex
508 3228 597 3292 omni
631 3226 870 3309 mundolpuiu
909 3229 955 3291 sic
991 3226 1150 3291 elementa
1184 3229 1315 3308 uaporis
1351 3221 1487 3305 undique

271 3337 481 3401 conveniunt.

378 3439 489 3507 Catuli.
515 3442 600 3513 olio
638 3445 791 3523 carmine,
828 3441 1008 3525 perfidiae!
1020 3441 1111 3525 quod
1149 3447 1224 3524 post
1260 3441 1345 3505 nulla
1373 3446 1485 3520 arguet

270 3555 371 3615 aetas.

379 3656 524 3740 Denique
556 3663 671 3740 poetas
703 3656 865 3722 interdum
900 3659 1149 3722 coniunctiones
1186 3656 1228 3722 ob
1266 3653 1481 3721 neressilatcm

272 3766 438 3829 metricam
456 3766 588 3829 traicere
608 3766 639 3828 in
659 3763 831 3847 propatulo
849 3769 907 3842 est,
932 3764 1019 3829 uelut
1042 3762 1237 3847 „quoniarn“
1261 3754 1361 3843 ,‚otio“
1385 3759 1480 3839 „ubi”

271 3874 522 3938 coniunctiones
549 3873 641 3937 initio
666 3871 843 3936 hexametri
869 3871 1017 3954 dactylici
1044 3874 1119 3952 poni
1147 3890 1212 3935 non
1238 3871 1374 3954 posunt.

379 3978 442 4046 Sed
482 3982 544 4044 iarn
581 3977 621 4044 ad
659 3981 865 4062 propositum
902 3978 1111 4059 accedanrus;
1151 3973 1404 4061 atqueprimum
1441 3975 1480 4040 de

271 4086 562 4153 coniunctionibus
595 4088 626 4151 in
660 4088 833 4151 sententiis
865 4086 1069 4151 secundariis
1098 4087 1258 4167 usurpati,
1289 4078 1407 4146 deinde
1440 4082 1479 4148 de

272 4194 345 4273 illis,
370 4213 453 4278 quae
479 4196 509 4258 in
536 4195 715 4289 enuntiatis
740 4194 902 4275 primariis
928 4200 1102 4276 ponuntur,
1127 4203 1256 4276 agemrs.

806 4390 963 4399 ————-—-
