3322 5236
760 358 973 459 „il-

275 572 328 640 *ill
363 575 406 641 35
453 574 576 642 Geticis
599 575 659 659 qui
680 574 844 659 praesidet
868 578 966 641 arvis.

296 682 310 712 ⁸
358 682 422 748 160
457 682 659 767 longumque
682 681 780 766 lugae
803 700 844 749 ne
868 682 978 767 linque
1003 681 1157 750 laborem.

359 790 423 855 581
459 789 586 857 lessum
611 790 762 875 quotiens
787 788 889 856 m‘utet
914 790 1009 856 latus.

267 914 326 981 ”V
360 912 426 981 544
462 915 583 983 volucri
607 915 667 1000 qui
688 914 760 981 lixit
784 915 967 982 harundine
993 914 1125 981 malum.

267 1039 322 1105 *Vl
359 1041 424 1107 196
460 1038 570 1106 dubiis
594 1058 636 1106 ne
659 1038 762 1107 defice
787 1038 897 1106 rebus.

272 1165 317 1218 -**
353 1165 419 1231 295
452 1164 592 1231 Tartarei
617 1182 702 1249 quoe
725 1164 787 1231 lert
810 1163 1004 1232 Acherontis
1028 1163 1069 1231 ad
1096 1165 1213 1231 undas.

261 1271 328 1337 *Vll
375 1271 416 1338 61
454 1275 576 1356 primas
600 1289 674 1370 cum
697 1271 852 1339 conderet
876 1290 977 1338 arces.

296 1379 309 1409 ⁸
356 1379 421 1445 680
456 1381 566 1446 omnis
589 1397 686 1463 quem
710 1377 847 1445 credidit
870 1383 971 1445 aetas.

268 1485 331 1551 Vlll
356 1486 422 1552 323
458 1486 510 1552 his
533 1486 690 1570 quonium
715 1486 866 1552 latuisset
890 1490 982 1551 tutus
1008 1487 1038 1549 in
1065 1487 1142 1552 oris.

263 1589 334 1658 *ἸΧ
357 1592 423 1658 301
459 1595 539 1659 mira
562 1588 659 1677 quem'
683 1591 802 1658 lecerat
826 1599 893 1659 arte
919 1592 1054 1676 lycaon.

280 1717 321 1783 *X
359 1717 424 1783 131
459 1717 586 1784 lulvum
610 1736 696 1803 quoe
720 1717 836 1787 dividit
860 1737 985 1784 aurum.

296 1824 309 1853 ²⁸
355 1825 422 1891 693
456 1830 587 1891 vastum
611 1844 697 1910 quae
720 1826 828 1909 prodit
854 1827 884 1890 in
910 1844 1041 1909 aequor.

285 1930 320 1997 111
356 1932 422 1998 100
458 1935 568 1999 omnia
595 1935 795 2016 magnolne
818 1950 912 1997 cessa
938 1930 1067 1997 turbare
1093 1940 1190 1997 metu.

298 2039 312 2069 ⁸
357 2038 423 2104 892
459 2058 586 2105 versam
612 2045 648 2105 ut
671 2040 780 2105 videre
804 2038 982 2106 Camillam.

274 2144 322 2211 Xll
357 2145 423 2211 195
458 2146 609 2213 diversos
634 2145 692 2212 661
713 2148 813 2212 sentit
837 2163 951 2230 equos.

289 2252 317 2283 **
356 2254 421 2319 511
458 2252 594 2338 Argivae
617 2271 715 2337 quem
739 2271 806 2318 non
832 2259 966 2336 potuere
991 2252 1172 2337 phalanges
1198 2259 1350 2319 sternere.

296 2359 309 2390 *
355 2359 421 2425 604
456 2358 581 2426 cladem
607 2363 745 2426 miserae
767 2365 945 2444 postquam
969 2378 1121 2443 accepere
1148 2359 1286 2425 Latinae.

358 2466 424 2533 700
460 2469 530 2551 ipse
555 2469 813 2544 coruscislcum
837 2466 946 2533 lremit
970 2465 1110 2533 ilicibus.

359 2573 422 2640 771
460 2593 541 2658 puro
566 2579 603 2640 ut
625 2579 763 2658 possent
788 2592 977 2650 concurrere
1001 2592 1127 2657 campo.

274 2679 341 2747 Cui.
364 2681 430 2747 360
466 2680 569 2749 Roma
594 2680 696 2748 decus
720 2684 830 2764 magni
855 2698 940 2765 quos
964 2683 1104 2764 suspicit
1128 2680 1226 2747 orbis.

280 2787 340 2855 Cir.
365 2787 429 2853 119
465 2806 662 2871 responsum
687 2788 844 2872 quoniam
868 2789 950 2852 satis
975 2792 1026 2852 est
1051 2790 1208 2853 memisse
1232 2786 1377 2853 deorum.

358 2894 422 2960 351
459 2913 533 2961 curn
557 2894 643 2962 <love
667 2913 862 2962 communes
885 2894 946 2978 qui
968 2893 1050 2960 nolit
1074 2894 1192 2961 habere
1218 2901 1365 2978 nepotes.

274 3000 340 3069 Cat.
365 3001 419 3071 ln
457 3001 555 3069 sedes
579 3020 665 3086 quoe
688 3002 769 3068 colis
795 3000 921 3067 idalias.

250 3179 376 3247 norat.
401 3176 433 3263 1)
459 3179 543 3264 epod
568 3180 616 3251 228
654 3198 794 3247 somnos
818 3178 909 3263 quod
930 3182 1044 3246 invitet
1068 3180 1165 3247 leves.

252 3304 361 3371 satiri
386 3305 434 3376 418
473 3312 620 3389 tempore
643 3322 716 3371 cum
740 3304 861 3371 iaciant
886 3305 1003 3371 alieno,

379 3413 427 3482 dn
467 3418 557 3496 pater
579 3411 759 3496 quoderat
784 3431 888 3478 meus.

311 3517 332 3584 11
381 3520 412 3590 11
462 3537 583 3586 somno
606 3518 727 3604 quidus
750 3527 801 3585 est
826 3537 912 3600 opus
936 3519 1011 3585 alto.

251 3643 372 3726 epistl
397 3643 445 3714 lin
482 3647 634 3711 virtutem
658 3644 692 3710 si
714 3650 803 3727 petat
826 3647 942 3728 ipsam.

310 3750 332 3816 11
380 3751 427 3821 in
466 3751 572 3835 puella
598 3752 717 3818 uelutsr’
739 3752 864 3818 luderet
888 3750 1008 3817 inians.

251 3875 370 3942 carmi
395 3875 445 3946 111
482 3884 586 3943 terrae
609 3895 705 3961 quem
729 3875 839 3942 lerunt
863 3876 1000 3942 solutae.

311 3983 332 4048 11
380 3983 450 4054 1310
475 4002 554 4068 agro
578 3984 638 4067 qui
658 3985 774 4049 statuit
798 4002 881 4050 meo.

297 4090 329 4155 111
378 4090 447 4161 116
473 4089 665 4174 Spartacum
689 4091 787 4174 siqua
811 4093 919 4174 potuit
941 4090 1262 4175 vagantenllallere.

253 4211 286 4298 2)
311 4214 406 4298 epod.
430 4215 478 4285 56
515 4234 632 4281 arcana
656 4232 728 4281 cum
752 4214 838 4281 liunt
862 4235 963 4281 sacra.

378 4322 423 4388 55
456 4320 684 4389 formidolosis
708 4321 786 4388 dum
811 4323 911 4388 latent
936 4322 1029 4389 silvis
1052 4322 1148 4390 lerae.

378 4430 427 4501 66
461 4429 585 4495 inultus
609 4434 645 4495 ut
666 4428 754 4496 llebo
780 4449 867 4514 puer.
