3360 5236
802 330 844 399 91

210 547 316 635 Prop.
341 548 361 615 ll
387 549 433 620 lo
471 547 534 615 hoc
556 549 654 627 siquis
677 549 791 614 vitium
818 550 936 631 poterit
960 545 1039 612 milri
1067 544 1208 612 demere.

298 656 367 728 1215
405 655 514 723 evolat
538 656 601 722 lreu
627 660 741 722 nostro
766 656 912 734 quoniam
937 654 978 720 de
1003 658 1141 737 pectore.

260 799 292 865 lll
316 799 364 870 8¹25
401 805 486 866 tecta
511 799 696 882 superciliis
719 797 873 893 nouando
897 797 996 864 verba
1021 798 1170 863 remittis.

298 907 367 978 llo
404 909 538 974 nomine
564 921 653 985 onem
678 905 777 972 simili
803 907 869 972 vita
893 904 1037 989 superba
1063 907 1163 971 notat

299 1014 371 1085 1210
403 1014 483 1081 lraec
508 1019 563 1080 tua
588 1035 626 1077 ne
648 1015 752 1080 virtus
777 1011 835 1078 liat
859 1031 969 1078 amara
993 1012 1062 1078 tibi.

300 1121 370 1192 15³2
404 1121 497 1188 litore
519 1123 548 1184 si
571 1123 670 1187 tacito
695 1122 828 1186 sonitus
853 1122 987 1186 rarescit
1012 1119 1164 1185 harenae.

199 1283 201 1288 ’
255 1263 296 1330 lV
320 1265 368 1335 irs
405 1264 464 1330 sed
496 1270 606 1330 tamen
638 1265 757 1348 exiguo
788 1262 998 1343 quodcumque
1021 1280 1039 1327 e
1064 1267 1193 1345 pectore
1218 1262 1276 1327 rivi
1300 1258 1439 1326 lluxerit.

317 1370 364 1441 in
404 1373 554 1454 pomosis
578 1370 661 1436 Anio
678 1387 748 1449 ’000
772 1368 933 1453 spumifer
956 1368 1090 1435 incubat
1113 1369 1210 1434 arvis.

211 1513 313 1580 Aetna
338 1513 385 1593 72
416 1518 512 1579 vasto
536 1514 590 1597 qui
614 1513 758 1596 pondere
783 1514 928 1589 montisi
936 1515 1075 1578 aestuat

341 1620 384 1686 88
418 1620 502 1687 falsa
528 1621 666 1699 quotiens
689 1620 753 1686 sub
778 1621 921 1704 imagine
945 1624 1090 1702 peccant

319 1728 383 1793 150
418 1728 497 1803 orai
505 1727 588 1807 quod
611 1727 721 1810 patula
747 1728 778 1793 in
804 1731 956 1810 promptu
982 1728 1098 1792 cernis.

318 1834 382 1900 237
419 1833 531 1900 nubila
555 1855 611 1898 our
634 1833 763 1916 Panope
788 1833 878 1899 caelo
903 1832 1074 1899 denuntiet
1095 1832 1226 1899 imbres,

318 1941 385 2007 280
415 1942 520 2026 rigido
545 1942 618 2020 puio
642 1942 760 2007 vertice
784 1938 1076 2024 surgenssiniesta
1101 1944 1160 2006 est.

319 2048 384 2115 344
418 2054 547 2115 torrens
571 2054 606 2112 ut
630 2050 766 2132 spiritus
791 2101 797 2114 .
822 2100 829 2113 .
853 2100 860 2113 .
885 2065 1020 2130 corpora
1046 2045 1185 2130 diripiat

319 2155 384 2221 502
419 2174 576 2239 praeceps
601 2157 733 2222 sonanti
742 2165 834 2230 icum
858 2153 967 2221 solido
993 2152 1113 2221 inllexa
1138 2159 1198 2220 est.

320 2263 385 2328 508
420 2261 588 2346 Symaethi
613 2263 781 2346 quondam
807 2267 842 2325 ut
865 2263 953 2345 ripas
977 2262 1146 2328 traiecerit.

319 2369 385 2436 003
419 2368 551 2436 fervens
575 2369 629 2433 obi
651 2368 756 2436 Sirius
780 2368 879 2436 ardet

214 2512 350 2581 Restant
374 2513 523 2594 nonnulli
548 2531 674 2592 versus,
702 2511 882 2596 inquibus
914 2514 1164 2579 coniunctiones
1196 2515 1228 2576 et
1258 2526 1439 2592 pronomen

319 2620 489 2686 relativum
516 2621 598 2686 inter
622 2618 688 2686 duo
712 2619 872 2685 adiectiva
897 2619 947 2685 vel
972 2618 1169 2684 adiectivum
1198 2622 1230 2683 et
1252 2618 1439 2702 genetivum

321 2729 442 2793 inserta
468 2732 559 2793 sunt:

214 2849 312 2917 Naev.
336 2856 415 2935 trag.
440 2850 482 2916 17
518 2850 595 2917 tuos
620 2853 674 2930 qui
697 2852 805 2918 celsos
829 2854 989 2919 terminos
1013 2857 1130 2920 tutant

214 2974 316 3041 Plauti
340 2975 431 3058 Epio.
455 2975 520 3041 430
544 2993 638 3041 suam
665 2977 719 3054 oui
744 2974 923 3043 undantem
949 2977 1156 3062 chlamydem
1182 3030 1220 3044 ..
1251 3029 1258 3044 .

213 3100 345 3167 mercat
369 3100 435 3173 340
459 3100 583 3167 bonum
610 3117 688 3180 quoe
711 3119 820 3168 meum
846 3106 1033 3186 comprimit
1056 3103 1241 3170 consilium.

140 3272 142 3277 s
214 3225 309 3292 Lucil.
333 3225 399 3291 372
723 3233 846 3309 puncto
871 3246 938 3294 uno
963 3227 1062 3295 horae
1087 3229 1140 3309 qui
1163 3246 1295 3312 quoque
1321 3229 1443 3294 invasit
1487 3205 1491 3214 ’

419 3328 451 3415 (i.
475 3351 506 3399 e:
531 3335 586 3416 qui
613 3351 679 3399 uno
704 3342 836 3418 quoque
861 3333 961 3401 horae
986 3341 1108 3419 puncto
1134 3332 1277 3417 invasit).

214 3491 276 3560 Cic.
300 3492 349 3558 Ar.
375 3493 440 3559 174
476 3496 595 3578 exiguo
620 3495 674 3573 poi
697 3494 865 3561 stellarum
891 3497 1033 3563 candore
1058 3498 1196 3563 nitescit

376 3601 441 3666 185
477 3603 595 3686 exiguo
620 3620 776 3684 superum
802 3620 881 3682 onae
904 3603 1026 3670 lumina
1051 3610 1198 3688 tempore
1219 3610 1335 3671 tranat.

376 3707 442 3773 222
479 3706 577 3775 Graio
603 3707 747 3793 Procyon
773 3711 827 3788 oui
850 3713 985 3778 nomine
1007 3709 1117 3778 fertur.

215 3869 302 3935 lucr.
327 3868 438 3936 11300
473 3872 583 3937 omnia
608 3889 807 3938 cumrerum
833 3873 1010 3955 primordia
1034 3874 1102 3940 sint
1127 3875 1158 3940 in
1185 3878 1285 3940 motu.

257 4010 298 4077 lV
323 4011 410 4077 1083
445 4012 552 4079 rabies
581 4012 664 4076 unde
691 4012 782 4080 illaec
805 4017 953 4098 germina
978 4022 1119 4100 surgunt
1142 4012 1264 4099 (rabies
1289 4036 1296 4082 :
1319 4012 1441 4099 genet).

270 4154 298 4221 V
343 4154 409 4221 774
444 4156 526 4222 solis
551 4158 598 4220 nti
621 4159 730 4224 varios
755 4176 873 4225 cursus
898 4158 1060 4244 lunaeque
1085 4165 1223 4227 meatus.

320 4262 409 4328 1003
600 4265 685 4330 irrita
710 4283 828 4331 canum
854 4287 923 4329 mm
941 4268 1228 4354 primummagna
1253 4265 1442 4334 molossum

441 4370 551 4436 mollia
576 4373 654 4437 ricta
678 4371 831 4439 fremunt.
