3322 5236
866 318 908 392 32

380 541 441 607 561
479 539 545 625 pari
582 540 725 623 dyspari,
760 540 873 625 dispar
906 541 939 606 si
972 559 1066 607 esses
1102 539 1171 620 tibi,
1206 559 1269 625 ego
1305 561 1392 609 nunc
1430 561 1498 609 non

478 666 587 714 essem
615 651 721 714 miser.

380 755 445 820 568
477 754 564 838 agite
581 773 619 820 ac
632 754 753 820 vuinus
766 772 807 821 ne
819 747 994 820 succusset
1006 773 1153 839 gressus,
1170 763 1264 821 caute
1278 757 1497 840 ingredimini.

273 931 377 999 Caee.
402 932 496 1000 Stat.
536 933 601 998 126
626 932 774 1014 habeam,
792 935 845 998 vix
862 933 1000 1000 habeam
1019 936 1101 999 satis
1118 940 1149 999 te
1172 935 1232 1018 pur'
1252 934 1392 1002 taudem.

380 1040 446 1106 169
479 1043 507 1106 is
533 1039 665 1105 demum
699 1038 936 1106 infortunatust
961 1039 1072 1120 horne,

478 1147 601 1232 pauper
623 1147 683 1231 qui
704 1147 813 1213 educit
838 1150 868 1212 in
896 1154 1076 1230 egestatem
1103 1148 1234 1214 liberos.

381 1253 445 1320 182
478 1260 575 1338 atque
602 1255 636 1319 ut
661 1258 882 1338 magistratus,
908 1255 1057 1337 publicae
1082 1258 1124 1322 rei
1148 1273 1222 1322 cum
1245 1258 1430 1339 auspicant.

382 1361 445 1427 196
479 1360 599 1437 audire,
625 1365 727 1445 ignoti
752 1362 843 1446 quod
865 1365 1033 1445 imperant,
1058 1363 1160 1429 solen.

381 1468 446 1534 204
480 1474 648 1550 postremo
672 1488 690 1534 a
716 1488 813 1552 parco
831 1476 921 1551 patre

477 1574 569 1659 quod
590 1576 714 1656 sdmaS,
739 1584 862 1658 quanto
882 1577 1029 1659 dissipes
1055 1576 1219 1643 libentius.

273 1806 416 1875 Terent.
448 1804 511 1887 (ed.
543 1806 781 1889 Umpienbach)
829 1807 954 1874 dudd
986 1807 1108 1890 populo
1148 1807 1183 1874 rit
1221 1809 1384 1893 piacerent
1416 1829 1499 1894 quas

478 1912 775 1980 iecisset'iabuias.
898 1981 899 1985 ,

381 2025 446 2104 100
479 2040 608 2104 unicam
633 2046 767 2122 gnatam
792 2058 885 2105 suam

482 2164 555 2212 cum
581 2145 657 2212 ddte
675 2164 805 2212 summa
829 2145 899 2212 iiiio
925 2164 1057 2212 uxorem
1072 2137 1121 2212 'ut
1144 2147 1243 2214 daret.

380 2251 445 2318 162
477 2249 638 2318 iacturum
664 2274 670 2319 :
696 2255 803 2336 magis
829 2252 859 2318 id
885 2252 977 2332 adeo,
1003 2253 1081 2319 mihi
1107 2260 1143 2319 ut
1167 2256 1398 2321 incommodet.

381 2360 447 2425 158
479 2359 576 2425 simui
602 2360 781 2426 sceleratus
813 2360 922 2426 Dauos
953 2360 1062 2444 siquid
1095 2362 1213 2427 consiti

479 2466 578 2532 habet
602 2465 637 2532 rit
659 2472 835 2532 consumat
860 2485 954 2532 nunc.

379 2572 444 2638 327
480 2573 638 2655 principio
662 2580 739 2639 utne
762 2573 875 2640 ducas.

380 2680 446 2745 335
479 2680 540 2763 ego
566 2679 597 2744 id
623 2698 728 2764 agam,
754 2679 832 2745 mihi
856 2681 916 2764 qui
937 2698 978 2745 ne
1001 2679 1104 2747 detur.

379 2786 446 2853 300
479 2805 562 2870 quae
586 2787 674 2852 minc
699 2793 777 2852 sunt
801 2792 885 2853 certa
911 2790 938 2853 ei
964 2787 1112 2867 consilia,
1137 2791 1257 2854 incerta
1283 2795 1320 2854 ut
1342 2791 1437 2855 sient.

380 2893 446 2958 400
478 2891 595 2958 dica'm.
620 2912 756 2976 puerum
781 2899 890 2959 autem
920 2911 960 2959 ne
989 2897 1143 2959 resciscat
1173 2895 1250 2960 mihi
1282 2914 1358 2961 esse
1383 2915 1421 2961 ex
1447 2894 1499 2961 iiia

479 3000 630 3065 cautinst

380 3106 446 3171 408
479 3108 571 3189 proin
597 3104 715 3185 tutae,
740 3106 827 3190 apud
852 3113 884 3173 te
908 3114 944 3172 ut
967 3110 1043 3172 sies.

380 3213 446 3277 456
479 3231 540 3297 ego
566 3215 666 3279 istaec
691 3221 774 3279 recte
799 3219 835 3279 ut
856 3213 939 3280 fiant
963 3214 1085 3281 videro,

380 3319 446 3385 483
480 3338 566 3385 nunc
591 3319 730 3403 primum
756 3319 816 3400 iac,
842 3324 903 3386 ista
928 3327 965 3386 ut
988 3321 1081 3386 iavet.

331 3491 333 3496 .
380 3426 445 3491 515
480 3425 688 3492 dbstetricem
706 3430 899 3493 accersitum
925 3427 1056 3493 adeam
1081 3434 1113 3494 et
1138 3447 1273 3510 puerum
1299 3435 1336 3494 ut
1357 3428 1499 3495 adferret

479 3533 587 3599 simui.
662 3586 663 3590 η

280 3645 283 3659 “
380 3639 445 3705 524
480 3658 544 3705 non
572 3640 700 3725 impulit
724 3660 784 3721 me,
810 3641 890 3707 haec
914 3661 1001 3707 nunc
1026 3644 1163 3707 omnino
1187 3647 1224 3707 ut
1246 3642 1420 3709 crederem.

381 3746 446 3811 530
482 3765 556 3811 nam
581 3746 703 3831 gnatus
727 3747 818 3832 quod
840 3748 1028 3830 poilicitust,
1053 3748 1139 3813 hand
1167 3747 1303 3814 dubium
1331 3748 1420 3815 mihi.

381 3853 446 3920 534
481 3853 606 3938 aliqudt
631 3873 682 3920 me
707 3854 866 3935 adierunt,
891 3874 929 3920 ex
954 3861 984 3920 te
1009 3854 1157 3920 auditum
1182 3855 1242 3938 qui
1263 3856 1384 3922 aibant.

380 3960 446 4025 548
482 3963 513 4026 in
539 3979 715 4027 commune
740 3969 775 4027 ut
798 3963 965 4028 consutas.
1004 3980 1007 3986 ·

380 4067 444 4134 577
482 4071 614 4152 nuptias
639 4077 798 4152 quantum
825 4088 942 4153 queam
968 4074 1004 4133 ut
1027 4075 1196 4135 maturem.

381 4175 446 4240 578
482 4194 559 4240 num
579 4175 696 4242 censes
713 4174 841 4256 iaceret,
858 4176 962 4241 titium
980 4176 1048 4241 nisi
1062 4178 1158 4241 sciret
1182 4177 1297 4243 eadem
1313 4177 1392 4243 haec
1409 4178 1499 4244 velie.

380 4282 446 4346 588
482 4281 644 4361 simulavi,
669 4302 730 4349 vos
755 4289 791 4349 ut
814 4289 1074 4367 pertemptarent.

380 4388 445 4454 592
481 4395 613 4471 gnatam
639 4395 676 4454 ut
698 4388 752 4455 det
776 4409 834 4455 0r0
859 4393 977 4474 vixque
1003 4388 1034 4455 id
1060 4409 1167 4456 exoro.
