3322 5236
778 323 989 427 „39—

376 540 440 606 274
474 541 671 625 mancupion
696 545 756 627 qui
777 547 929 628 accipias,
949 551 1062 629 gestas
1080 553 1187 611 tecum
1206 546 1333 611 ahenos
1351 547 1495 614 anulos?

376 648 441 714 282
474 649 552 734 quid
592 655 627 714 tu
667 650 730 716 hoc
769 670 935 731 occursas,
976 655 1007 717 ln
1050 652 1146 718 urbes
1181 653 1497 738 quotiensquumque'

422 737 428 748 ’
473 755 694 822 advenimus?

375 862 440 928 286
472 863 561 929 abire
586 863 661 929 hinc
685 864 721 929 m'
743 883 898 948 properas
922 866 1038 948 grandi
1062 866 1175 950 gradu.

374 969 439 1036 297
473 970 560 1054 qubd
587 973 697 1038 scias?
725 1007 762 1016 -
794 972 887 1037 Erilis
913 979 1025 1039 noster
1048 972 1138 1039 lilius
1163 973 1250 1056 apud
1277 992 1337 1039 vos
1355 973 1494 1041 Strabax

473 1084 509 1143 ut
532 1084 648 1160 percat.
875 1071 877 1076 ’
1296 1082 1297 1086 ’

374 1183 439 1249 298
473 1184 576 1251 sanus
599 1185 633 1251 si
654 1185 792 1265 videare,
817 1186 933 1252 dicam.

374 1292 439 1356 303
472 1292 549 1376 quid
576 1295 714 1358 maceria
740 1292 791 1358 illa
817 1296 870 1371 ait,
896 1296 927 1358 in
954 1294 1048 1359 horto
1072 1311 1158 1377 quae
1182 1301 1242 1361 est.

373 1398 439 1464 324
472 1402 499 1464 si
525 1399 661 1483 proinde
686 1405 844 1479 amentur,
869 1400 1021 1466 mulieres
1046 1401 1101 1465 diu
1119 1419 1219 1483 quum
1237 1400 1355 1480 lauant,

474 1507 592 1572 omnes
617 1513 767 1572 amantes
792 1507 999 1572 balneatores
1025 1509 1120 1573 sient.

373 1613 438 1677 359
472 1613 577 1679 blclne
603 1613 700 1679 bodie
725 1632 833 1693 cenas,
858 1613 970 1679 saluos
994 1631 1093 1697 quum
1118 1615 1280 1681 advenis?

372 1720 438 1786 456
471 1720 626 1800 dolinem,
651 1719 748 1785 dolus
773 1738 814 1787 ne
838 1720 965 1792 occidat
990 1726 1093 1786 morte
1119 1724 1217 1803 pueri.

372 1826 437 1893 457
471 1829 573 1893 mater
596 1827 682 1892 dicta
706 1827 796 1910 quod
818 1847 902 1907 sum,
926 1847 965 1893 eo
991 1830 1097 1910 magis
1123 1827 1242 1894 studeo
1268 1831 1362 1895 uitae.

372 1934 437 1999 482
471 1953 562 2000 meas
587 1954 716 2018 pugnas
740 1933 817 2000 dum
843 1935 1035 2017 praedicem.

372 2042 437 2107 558
470 2041 558 2107 domi
583 2040 744 2125 quidquid
766 2041 864 2108 babet
888 2044 1001 2108 eicitur
1024 2039 1132 2123 (codd.
1151 2039 1293 2124 neitltur)
1318 2043 1389 2112 ἔξω.

372 2149 436 2213 568
470 2148 669 2214 meretricem
695 2168 757 2232 ego
783 2151 859 2214 item
885 2168 960 2214 esse
987 2167 1066 2227 reor,
1091 2168 1178 2214 mare
1203 2155 1238 2213 ut
1261 2154 1320 2214 est.

371 2254 436 2321 578
468 2255 561 2321 valeo
597 2261 629 2321 et
659 2258 755 2321 venio
790 2255 831 2321 ad
869 2258 980 2321 minus
1016 2255 1177 2321 valentem
1215 2261 1246 2321 et
1282 2256 1399 2321 melius
1434 2257 1495 2340 qui

468 2361 575 2428 valeat
597 2361 675 2428 iero.

370 2469 433 2535 587
469 2473 541 2552 ipsa
565 2487 651 2552 quae
674 2472 721 2535 sis
747 2469 913 2535 stabulum
939 2468 1051 2553 flagiti.

371 2576 435 2641 795
468 2578 665 2658 aperiuntur,
689 2576 771 2642 clam
796 2593 881 2658 quae
905 2579 1033 2659 speravi
1058 2575 1137 2642 lore.

370 2683 435 2748 798
471 2682 550 2765 puer
572 2689 608 2748 ut
630 2681 801 2748 ollerretur
825 2702 927 2766 eaque
952 2688 988 2747 ut
1011 2682 1190 2748 celarentur
1215 2686 1336 2747 omnia.

369 2789 434 2855 822
468 2795 599 2873 propter
623 2789 708 2855 mala
732 2788 816 2854 lacta
840 2790 900 2873 qui
921 2808 957 2854 es
983 2795 1142 2871 patrunus
1169 2791 1291 2871 parieti.

370 2897 433 2961 871
467 2897 570 2962 citium
588 2896 646 2961 ubi
659 2899 727 2975 erit,
744 2895 784 2961 de
800 2899 872 2961 istis
891 2897 988 2961 rebus
1002 2902 1070 2961 tum
1085 2896 1228 2977 amplius
1243 2901 1349 2960 tecum
1366 2894 1489 2978 loquar.

369 3002 434 3069 875
468 3005 499 3068 in
525 3022 596 3068 eam
622 3022 688 3068 rem
712 3003 826 3086 siquid
848 3002 985 3068 habebo.

368 3109 434 3175 894
468 3110 503 3175 ut
527 3110 603 3175 illud
629 3117 798 3193 acceptum
824 3090 992 3192 sltsprius
1015 3110 1106 3194 quod
1128 3108 1264 3192 perdidi.

369 3219 434 3284 903
468 3218 553 3301 bpus
579 3220 703 3297 nutrici,
730 3216 791 3283 lact
815 3224 852 3283 ut
877 3218 1004 3283 babeat.

262 3432 347 3515 aqud
376 3430 527 3496 Ennium
552 3428 617 3511 (rec
638 3429 805 3511 ²Valrlen)
836 3431 942 3496 annal.
968 3430 1029 3494 151
1057 3433 1175 3496 circum
1209 3448 1267 3493 sos
1302 3446 1388 3510 quae
1411 3434 1496 3510 sunl

466 3556 605 3621 magnae
628 3544 754 3621 gentes.

371 3645 433 3709 lbi)
468 3636 564 3710 nobis
589 3645 673 3710 unde
696 3645 803 3710 lorent
828 3644 963 3710 iructus.
1173 3708 1175 3711 ,
1205 3712 1208 3717 ,

368 3751 433 3816 218
467 3770 524 3817 nec
549 3754 725 3836 quisquam
752 3752 914 3834 sophiam,
940 3754 1101 3833 sapientia
1118 3768 1204 3833 quae
1221 3750 1410 3832 perlribetur

467 3862 497 3923 in
524 3861 653 3924 somnis
678 3858 768 3924 vidit.
1311 3928 1312 3933 ,

367 3966 430 4032 247
466 3984 615 4048 paucum,
641 3965 741 4031 multa
766 3971 893 4044 tenens,
910 3968 1044 4046 antiqua
1064 3964 1192 4046 sepulta
1212 3970 1360 4030 vetustas

400 4119 405 4130 .
464 4090 549 4156 quae
572 4072 657 4138 lacit.
672 4069 691 4154 ¹)

262 4233 472 4244 -..—---—

367 4321 387 4385 ¹)
417 4325 568 4378 Vahlenum
600 4326 685 4377 secuti
707 4326 897 4390 interpretor:
919 4324 1003 4376 multa
1030 4330 1135 4387 tenens,
1165 4341 1234 4392 quae
1265 4329 1391 4375 vetustas
1421 4322 1486 4375 lacit

261 4419 372 4484 antiqua
395 4414 443 4475 (et)
464 4416 580 4480 sepulta.
703 4404 707 4411 ’
