3360 5236
798 380 1010 479 ...Zi-

289 591 419 661 Tibull.
444 593 525 663 1155
553 600 670 661 terreat
692 601 729 660 ut
751 614 850 663 saeva
874 595 956 662 ialce
982 596 1117 679 Priapus
1142 614 1230 661 aves.

419 702 451 771 25
494 707 631 785 occupet
656 709 691 767 ut
713 702 794 769 lessi
821 704 943 769 lumina
970 706 1053 770 victa
1079 722 1188 786 sopor.

440 842 464 880 55
494 827 559 875 non
586 809 678 876 labor
702 812 753 877 bic
778 811 885 890 laedit,
911 817 1032 877 reseret
1055 810 1152 877 modo
1178 810 1265 876 Delia
1291 815 1415 893 postes.

440 950 466 988 55
493 936 568 982 nam
594 917 690 983 luerit
713 919 910 1002 quicumque
933 918 1062 1002 loquax.
1192 940 1194 944 ’

417 1021 464 1094 455
493 1042 590 1107 quam
617 1027 707 1105 iacet,
732 1025 880 1091 infirmae
905 1044 1022 1092 venere
1047 1025 1104 1091 ubi
1124 1024 1191 1090 lata
1216 1029 1378 1090 senectae.

439 1165 466 1202 55
492 1132 558 1197 vidi
585 1135 648 1198 iam
675 1135 836 1212 iuvenem,
861 1138 1020 1216 premeret
1042 1151 1116 1199 cum
1140 1135 1243 1198 serior
1266 1137 1367 1198 aetas,

439 1271 466 1309 55
493 1258 592 1323 saepe
617 1239 713 1306 dabis
740 1239 875 1319 nudum,
898 1242 1006 1306 vincat
1031 1239 1151 1319 utilia,
1176 1239 1271 1304 latus.

418 1346 451 1416 55
489 1364 544 1412 ure
568 1345 672 1413 lerum
698 1353 730 1413 et
753 1352 878 1430 torque,
902 1347 1001 1413 libeat
1024 1365 1065 1413 ne
1088 1347 1194 1413 dicere
1219 1348 1408 1429 quicquam.
1441 1358 1443 1361 ·

418 1453 466 1523 655
494 1473 545 1519 me
570 1473 701 1537 quoque
727 1461 867 1534 servato,
893 1460 1003 1538 peccet
1027 1460 1062 1519 ut
1087 1454 1138 1519 illa
1164 1453 1253 1519 nibil.

439 1591 464 1631 55
493 1560 593 1627 exibit
617 1580 849 1646 quamsaepe,
874 1566 960 1628 time.

419 1666 451 1737 75
494 1667 674 1753 Aquitanas
700 1677 815 1752 posset
840 1676 876 1735 ut
900 1669 1035 1736 lundere
1059 1674 1185 1753 gentes

418 1774 466 1846 955
493 1775 602 1842 ederet
626 1782 662 1841 ut
685 1777 788 1843 multo
813 1776 912 1842 libera
938 1776 1036 1843 verba
1062 1794 1160 1841 mero.

440 1915 466 1954 55
494 1882 654 1950 devoveat
679 1902 826 1967 proquo
851 1904 984 1967 remque
1008 1884 1211 1967 domumque
1235 1886 1334 1947 tuam.

397 1989 452 2057 105
494 1989 628 2073 faginus
653 1990 784 2057 astabat
807 2008 880 2057 cum
904 1991 1052 2074 scyphus
1076 1994 1152 2055 ante
1177 1990 1290 2072 dapes,

439 2130 466 2167 55
492 2096 643 2164 funderet
668 2104 703 2163 ut
726 2105 804 2164 nato
828 2105 912 2164 testa
938 2105 1071 2181 paterna
1097 2116 1231 2163 merum.

350 2255 370 2321 ll
419 2257 467 2328 155
492 2258 656 2342 compleat
679 2264 715 2323 ut
737 2258 823 2324 dulci
850 2259 964 2325 sedula
990 2258 1083 2324 melle
1108 2256 1213 2324 lavos.

418 2363 466 2435 355
586 2347 589 2355 ’
653 2376 783 2431 caneret
805 2364 883 2431 dum
907 2366 989 2430 valle
1014 2364 1175 2430 subalta.

417 2468 466 2542 455
493 2475 571 2554 quin
597 2476 694 2538 etiam
721 2472 820 2539 sedes
846 2471 955 2538 iubeat
978 2472 1013 2537 si
1033 2472 1174 2538 uendere
1197 2474 1312 2536 avitas.

418 2580 468 2648 555
493 2578 615 2646 lubrica
640 2582 785 2664 signavit
808 2597 881 2645 cum
905 2580 988 2645 deus
1013 2586 1085 2646 exta
1111 2582 1208 2646 notis.

441 2719 482 2756 555
671 2689 760 2753 iaceo
784 2705 857 2753 cum
881 2690 1015 2753 saucius
1040 2706 1174 2752 annum.

418 2792 466 2864 655
495 2795 595 2859 iuravi
621 2794 773 2876 quotiens
797 2793 974 2860 rediturum
1001 2793 1041 2859 ad
1068 2794 1179 2859 limina
1205 2811 1395 2876 numquam.

441 2931 467 2969 55
494 2917 560 2965 n0n
586 2918 648 2983 ego
673 2919 746 2965 sum
773 2903 863 2980 tanti,
889 2900 991 2983 ploret
1016 2901 1126 2967 utilia
1152 2899 1263 2966 semel.

290 3129 395 3215 Prop.
421 3131 429 3197 l
454 3134 501 3204 155
529 3134 591 3199 beu
617 3132 732 3200 releret
755 3140 878 3217 quanto
901 3134 1000 3200 verba
1025 3134 1138 3201 dolore
1162 3152 1245 3200 meo.

398 3234 473 3310 145
495 3246 627 3324 urgetur
650 3242 783 3325 quantis
807 3240 974 3308 Caucasus
999 3240 1181 3307 arboribus.

350 3400 370 3466 ll
417 3401 465 3472 355
492 3405 558 3485 egit
582 3408 619 3468 ut
639 3404 800 3470 eubantes
825 3404 891 3469 dux
916 3403 1056 3470 Ariadna
1081 3403 1210 3469 choros.
1338 3480 1340 3484 .

397 3509 464 3580 1255
494 3515 569 3575 ante
593 3509 666 3576 ferit
689 3511 853 3594 quonium,
878 3513 938 3576 tuti
963 3529 1062 3593 quam
1088 3511 1252 3575 cernimus
1278 3509 1418 3576 bostem.

420 3617 467 3689 155
494 3624 545 3684 est
568 3617 794 3702 quodcumque
818 3619 934 3685 locuta.

397 3727 469 3796 1655
494 3733 623 3810 rumpat
647 3732 684 3792 ut
704 3726 856 3792 adsiduis
882 3725 1027 3791 membra
1053 3723 1257 3790 libidinibus.

398 3833 467 3904 1955
494 3836 604 3899 omnia
630 3833 671 3900 ab
696 3839 830 3900 externo
855 3836 922 3899 sint
945 3832 1042 3899 modo
1066 3838 1135 3898 tuta
1159 3835 1238 3899 viro.

263 3960 265 3963 ’
396 3941 453 4012 255
494 3941 636 4008 excludit
659 3941 815 4025 quonium
839 3960 913 4007 sors
938 3959 1024 4006 mea:
1051 3959 1169 4024 „saepe
1193 3938 1299 4008 veni“.

396 4047 467 4122 3455
493 4048 624 4116 fluxerit
647 4055 684 4114 ut
705 4067 826 4132 magno
850 4048 973 4114 iractus
998 4047 1124 4114 llmore.

336 4210 369 4277 lll
399 4211 469 4283 1155
497 4212 555 4277 iret
578 4216 616 4276 ut
637 4209 799 4276 Aesonias
824 4228 921 4275 aurea
947 4209 1020 4274 lana
1045 4209 1174 4276 domos.

398 4319 468 4390 1955
494 4320 598 4384 victor
621 4321 689 4383 erat
712 4317 872 4401 quumvis,
896 4335 1023 4400 aequus
1049 4318 1079 4381 in
1106 4316 1202 4383 hoste
1225 4316 1295 4383 luit.

398 4425 454 4495 225
492 4427 697 4508 raptorisque
721 4423 794 4489 tulit
817 4442 884 4507 qun
907 4426 958 4489 via
985 4424 1066 4489 Ditis
1090 4442 1204 4508 equos.
