3360 5236
779 382 992 494 A-

318 592 357 677 lV
396 609 444 676 On
483 612 616 694 impune
641 617 669 674 el
694 611 792 678 nullis
818 631 909 677 sacra
935 611 1043 679 relicta
1068 614 1156 678 viris.

332 717 353 783 ll
400 718 433 784 92
486 721 557 784 visa
582 724 611 781 et
636 721 789 803 quamvis
814 738 995 803 numquam
1021 727 1166 803 speraret
1191 719 1324 787 Ulixem.

379 825 450 891 2310
487 831 604 908 captus
629 831 657 888 et
681 826 850 891 immunda
876 845 975 910 saepe
1000 827 1097 893 latere
1122 846 1207 893 casa.

378 932 448 998 aon
485 935 683 1018 quicumque
707 939 736 996 el
759 936 846 1000 venti
873 936 1028 1000 miserum
1055 936 1200 1019 vexastis
1226 934 1357 1001 Ulixem.

317 1039 350 1106 lll
376 1039 431 1106 13⁸
465 1041 641 1106 cinnamon
668 1041 812 1106 etmulti
839 1047 953 1124 pastor
976 1041 1089 1108 odoris
1116 1041 1229 1108 llrabs.

271 1163 397 1233 llorat.
422 1165 462 1231 lV
485 1161 531 1231 5³1
572 1166 677 1232 laetus
700 1172 728 1228 el
751 1165 862 1233 alteris
886 1172 917 1233 te
943 1170 1069 1233 mensis
1093 1167 1228 1233 adhibet
1253 1168 1360 1234 deum.

827 1366 938 1447 atque

272 1487 448 1571 particulae
472 1489 673 1553 traiectionis
698 1486 777 1554 haec
803 1489 1013 1554 inveniuntur
1037 1489 1198 1572 exempla:

272 1594 346 1661 llor.
371 1593 466 1678 epod.
490 1595 537 1659 811
576 1600 648 1661 esto
674 1594 777 1675 beata,
803 1594 903 1660 lunus
927 1601 1026 1679 utque
1050 1597 1211 1680 imagines
1240 1595 1362 1663 ducant
1384 1601 1498 1663 trium-

539 1702 654 1785 phales
679 1708 781 1768 tuum.

272 1815 333 1876 sal.
358 1809 366 1875 l
391 1811 425 1876 δι
462 1808 669 1893 cauponibus
693 1814 792 1893 utque
816 1810 978 1893 malignis.

378 1917 427 1982 8³2
460 1921 630 1999 serpentes
654 1921 753 1999 atoue
777 1914 1082 1990 videreslinlernas
1107 1935 1220 1983 errare.

271 2023 366 2108 epod.
390 2022 446 2089 172
484 2041 541 2106 per
564 2028 662 2106 utque
687 2022 788 2088 libros
813 2025 993 2088 carminum
1020 2010 1209 2089 valentium.

272 2129 331 2198 Cir.
354 2129 397 2197 47
432 2132 596 2213 promissa
621 2137 720 2214 utque
743 2130 798 2195 diu
825 2132 888 2195 iam
906 2130 1027 2196 tanden
1054 2128 1212 2211 (carmina
1238 2132 1389 2214 narrent).

432 2233 530 2319 (conl.
554 2236 711 2304 Sudhaus
738 2257 821 2303 mus.
847 2235 948 2303 Rhen.
972 2238 1013 2303 oi
1040 2257 1069 2321 p.
1094 2237 1158 2319 30.)

377 2344 443 2412 445
482 2346 634 2429 coniugis
657 2349 757 2428 utque
780 2351 863 2425 tuae,
889 2364 1115 2430 quaecumque
1140 2349 1200 2412 erit
1223 2347 1284 2412 illa.
1328 2422 1332 2428 .

271 2451 362 2520 Caes.
386 2455 485 2537 epigr.
508 2452 529 2517 3
564 2452 695 2518 lenibus
724 2458 823 2536 utque
846 2455 970 2517 utinam
997 2455 1128 2535 scriptis
1153 2453 1306 2519 adiuncta
1331 2454 1415 2520 loret
1438 2456 1498 2520 vis.

273 2559 517 2643 Proplll13u
556 2560 704 2642 corniger
727 2563 826 2642 utque
849 2561 900 2624 sui
931 2577 1067 2624 vacuam
1102 2562 1246 2642 pastoris
1280 2561 1311 2625 in
1344 2561 1451 2626 aulam

476 2665 542 2732 dux
566 2668 651 2732 aries
675 2672 806 2731 saturas
832 2668 902 2749 ipse
927 2665 1053 2732 reduxit
1077 2686 1167 2733 oves,

840 2860 918 2939 Que

272 2971 460 3038 coniunctio
485 2987 585 3052 saepe
610 2986 675 3033 non
701 2987 774 3033 cum
801 2972 904 3051 prima
930 2971 1113 3035 sententiae
1134 2987 1214 3036 voce
1237 2971 1267 3034 in
1294 2976 1497 3053 pentametro

271 3078 489 3160 coniungitur,
514 3074 573 3140 sed
598 3094 671 3141 cum
697 3074 806 3154 verbo,
831 3076 918 3158 quod
945 3080 1013 3141 tum
1047 3078 1186 3159 primum
1220 3082 1296 3158 post
1327 3096 1496 3142 caesuram

272 3184 463 3268 pentametri
490 3183 596 3248 locum
613 3180 739 3247 obtinet
756 3188 787 3246 et
804 3181 1060 3249 choriambicum
1087 3189 1145 3248 est.
1186 3181 1312 3248 Primos
1336 3202 1412 3250 uero
1437 3182 1497 3250 hac

270 3290 376 3375 ligura
402 3308 485 3355 usus
509 3294 560 3354 est
582 3287 747 3368 Tibullus;
780 3308 881 3354 unum
907 3296 1033 3354 tantum
1060 3289 1159 3355 huius
1184 3292 1227 3354 rel
1253 3290 1437 3374 exemplum
1465 3294 1496 3356 in

272 3398 424 3481 Propertii
456 3394 657 3461 carminibus
682 3402 796 3476 exstat,
825 3415 899 3461 cunr
925 3399 956 3462 in
982 3394 1088 3462 Ovidii
1114 3396 1316 3462 carminibus
1341 3416 1497 3480 persaepe

272 3506 479 3571 inveniantur
501 3503 584 3569 tales
608 3501 851 3568 collocationes.

270 3628 399 3698 libull.
424 3628 432 3694 l
457 3627 506 3693 ln
542 3627 667 3711 pocula,
692 3626 733 3693 de
756 3626 867 3703 lacilll
875 3630 1128 3712 composuitque
1152 3627 1228 3693 luto.

376 3737 426 3804 31t
463 3738 541 3820 quin
566 3733 667 3815 lleret,
692 3736 1090 3819 nostrasnespiceretuue
1112 3737 1193 3800 vias,

398 3867 425 3906 se
463 3841 606 3909 ellusum
633 3843 763 3920 ventis!
772 3842 1029 3926 praebueratque
1053 3845 1142 3908 mari.

376 3953 425 4019 bu
462 3952 611 4034 sanguis,
636 3955 670 4015 ot
694 3949 747 4015 hic
773 3953 880 4016 ventis
890 3952 905 4029 l
914 3950 1127 4033 diripiturque
1150 3951 1242 4014 cinis,

398 4081 424 4121 u
463 4059 633 4137 immerito
659 4058 690 4121 in
717 4057 1099 4141 mediaslproripiarque
1122 4058 1202 4122 vias,

376 4167 424 4233 bn
463 4184 566 4232 serus.
593 4168 624 4229 in
650 4163 842 4239 ollensuml
851 4166 1072 4249 rettuleritque
1094 4165 1222 4248 pedem.

329 4274 350 4340 ll
375 4274 425 4340 au
461 4274 572 4339 texuit
596 4277 728 4337 auratas
737 4273 752 4348 l
760 4272 991 4356 disposuitque
1015 4274 1094 4338 vias.

376 4382 426 4447 bro
464 4385 613 4463 portaret,
639 4380 991 4463 siccolperluleritque
1014 4380 1099 4445 sinu.

398 4512 424 4550 u
463 4486 587 4552 multus
612 4491 647 4551 ul
672 4488 704 4550 in
730 4486 1095 4570 terrassdeplueretque
1119 4487 1212 4569 lapis.
