3322 5236
870 387 914 453 38

289 576 476 665 Lucilled.
492 579 674 664 1110001101
692 581 771 649 illud
789 582 830 649 ad
845 585 942 650 incita
954 600 1027 650 cum
1040 582 1123 650 redit
1134 589 1232 667 atque
1250 585 1514 651 internecionem.

396 690 458 757 151
493 692 640 774 optimus
665 689 876 775 multolpost
898 690 1052 758 homines
1077 696 1174 757 natos
1194 691 1356 775 gladiator
1370 691 1430 776 qui
1443 690 1515 759 luit.

396 796 461 864 157
493 795 601 878 nobis,
625 815 724 882 quarn
750 797 882 864 dextrae
904 796 1050 883 gladium
1079 797 1157 864 dum
1181 798 1410 865 accommodet
1426 798 1515 866 aller.

396 904 461 971 185
494 902 557 971 hoc
581 901 744 986 ,nolueris‘
768 910 801 971 et
823 904 995 986 ‚debueris‘
1019 912 1051 972 te
1073 905 1107 972 si
1124 905 1234 972 minus
1256 905 1396 972 delectat
1411 903 1513 991 (quod

494 1008 681 1095 atecbnon).

396 1119 462 1186 238
495 1117 824 1198 sororemllanilicam
850 1119 922 1202 dici,
952 1122 1073 1187 siccam
1104 1125 1203 1204 atque
1233 1119 1429 1187 abstemiam
1460 1120 1517 1187 ubi

496 1226 597 1293 audit.

396 1332 462 1400 320
494 1332 624 1417 praesui
649 1337 686 1400 ut
706 1338 871 1417 amptruet
895 1333 980 1414 inde,
1005 1338 1040 1400 ut
1063 1332 1182 1418 volgus
1207 1333 1437 1418 redamptruet.

397 1440 462 1507 324
496 1445 529 1508 01
553 1439 684 1508 laterem
709 1441 770 1525 qui
791 1440 888 1522 ducit,
914 1441 1013 1508 babet
1037 1441 1080 1508 nil
1106 1441 1258 1525 amplius.
1343 1473 1348 1481 ·

396 1547 463 1615 379
499 1544 555 1629 ,s“
583 1551 733 1614 nostrum
758 1552 791 1615 et
814 1550 1024 1632 semigraecei
1049 1548 1141 1633 quod
1161 1548 1302 1615 dicimus
1334 1552 1440 1634 sigma

497 1655 542 1721 nil
566 1657 684 1722 erroris
708 1654 816 1723 habet

397 1761 460 1828 471
495 1781 593 1847 quern
618 1768 747 1830 metuas
771 1780 879 1847 saepe,
905 1762 1066 1830 interdum
1090 1780 1188 1847 quem
1213 1769 1302 1830 utare
1327 1762 1471 1831 libenter.

398 1868 464 1935 506
497 1867 584 1936 hunc
610 1868 688 1937 milli
715 1888 852 1953 passum
876 1871 937 1954 pul
958 1872 1070 1936 vicerit
1093 1874 1191 1954 atque
1216 1869 1357 1936 duobus.

397 1975 463 2042 532
496 1977 612 2043 vilicus
637 1976 763 2061 paulo(
775 1979 939 2044 strenuior
961 1977 995 2044 sr'
1016 1979 1164 2043 evaserit.

397 2082 464 2148 549
499 2082 616 2150 illusas
639 2083 673 2150 si
693 2082 810 2150 vendis
835 2083 1005 2150 lavernae.

398 2189 464 2256 558
499 2189 641 2275 denique
666 2193 711 2257 uti
737 2190 838 2258 stulto
863 2189 907 2257 nil
932 2193 976 2257 sit
1000 2193 1092 2271 satis,
1116 2193 1228 2257 omnia
1252 2209 1325 2258 cum
1349 2195 1424 2259 sint

398 2296 464 2363 638
498 2298 609 2364 animo
621 2297 682 2382 qui
694 2303 849 2382 aegrotat,
866 2297 1018 2364 videmus
1034 2315 1169 2382 corpore
1186 2298 1273 2365 bunc
1286 2301 1417 2383 signum
1433 2299 1518 2366 dare.

398 2403 462 2469 651
499 2408 532 2471 at
555 2405 641 2471 enim
659 2403 757 2471 dicis:
780 2403 987 2471 clandestino
1008 2404 1066 2471 tibi
1083 2404 1174 2489 quod
1187 2408 1404 2472 commissum
1426 2405 1517 2473 toret.

398 2509 465 2577 692
499 2516 532 2578 01
555 2513 594 2592 si,
618 2514 759 2579 maxime
782 2512 874 2596 quod
894 2530 1001 2596 spero,
1026 2518 1176 2579 mutuum
1203 2512 1264 2579 boc
1282 2531 1409 2579 mecum
1426 2512 1516 2580 tacis.

398 2617 465 2684 876
500 2620 641 2702 primunr
679 2616 792 2703 Chrysi
830 2636 904 2685 cum
943 2625 1042 2703 negat
1080 2621 1243 2704 signatam
1285 2629 1327 2689 <
1348 2626 1518 2690 natam>

498 2723 641 2792 reddere.

399 2830 465 2898 878
489 2849 621 2916 magno,
645 2849 712 2898 non
738 2849 857 2915 magna
882 2831 1039 2913 mercede,
1064 2850 1185 2917 magno
1208 2831 1300 2916 quod
1312 2832 1519 2901 conduxeris.

400 2938 488 3005 1195
523 2940 643 3024 inguen
668 2956 709 3005 ne
732 2941 859 3020 existat,
884 2939 1031 3023 papulae,
1055 2945 1152 3019 tama,
1177 2958 1217 3005 ne
1242 2937 1306 3005 boa
1331 2942 1429 3006 noxit

401 3044 488 3113 1203
523 3046 822 3121 columnamlcum
847 3051 978 3129 peteret.

400 3150 487 3219 1295
524 3170 586 3219 nos
611 3150 695 3220 Caeli
722 3151 853 3218 Numeri
879 3171 1051 3220 numerum
1076 3158 1112 3218 ut
1135 3171 1315 3219 servemus.

401 3258 488 3326 1349
524 3264 560 3326 01
583 3258 673 3327 veles
697 3257 816 3341 bonus,
841 3259 904 3327 sub
929 3263 1027 3327 vllem
1052 3260 1112 3345 qui
1133 3259 1254 3326 subicit
1278 3260 1402 3328 hastas,

293 3435 482 3506 Ciceronis
506 3436 591 3504 llrat.
615 3437 658 3504 16
690 3438 790 3523 vulgo
814 3439 873 3522 qui
894 3438 1014 3505 dicitur
1036 3457 1111 3505 esse
1136 3438 1265 3505 Bootes.

403 3544 446 3611 48
477 3544 542 3611 lato
567 3543 631 3612 sub
655 3548 800 3630 tegmine
824 3545 1006 3630 caelilquae
1029 3545 1126 3612 volat.

401 3649 464 3717 171
500 3654 583 3718 inter
607 3653 771 3736 pistricem
797 3658 829 3718 01
854 3651 978 3719 Piscem
995 3670 1091 3737 quem
1109 3651 1252 3718 diximus
1269 3650 1378 3719 Austri
1397 3652 1519 3720 stellas.

285 3752 287 3757 ’
400 3757 465 3824 269
499 3758 586 3826 lrunc
603 3763 678 3826 octo
697 3761 730 3825 in
755 3764 863 3843 partes
888 3758 1032 3826 divisum
1050 3777 1186 3826 noscere
1203 3759 1400 3836 circiumlsi
1414 3765 1519 3845 potes.
1574 3828 1578 3836 ,

294 3917 364 3985 Eur.
403 3917 447 3985 44
482 3918 566 3986 6000
589 3919 650 4003 qui
671 3921 819 4000 coniciet,
842 3925 952 3986 vatem
978 3917 1066 4001 hunc
1090 3917 1280 4003 perhibebo.

405 4024 449 4091 48
482 4043 571 4092 mors
598 4044 670 4093 mea
694 4043 736 4093 ne
759 4029 866 4093 careat
890 4024 1041 4092 lacrimis.

295 4200 400 4270 lucr.
431 4196 504 4285 (rec.
537 4200 659 4287 Belley)
690 4202 768 4269 153
803 4201 963 4270 intellecta
993 4203 1188 4288 priusquam
1219 4208 1294 4285 sint,
1332 4209 1519 4288 contempta

691 4311 867 4396 relinquas.

406 4414 470 4482 134
506 4434 638 4483 cernere
662 4417 713 4483 uti
733 4416 903 4484 videamur
926 4436 994 4484 eos.
