3322 5236
292 1409 526 1487 Quaestionem
559 1411 655 1492 illam,
690 1413 859 1496 quomodo
884 1415 1146 1480 coniunctiones
1165 1419 1197 1480 et
1227 1431 1420 1497 pronomen-

186 1517 354 1583 relatlvum
380 1537 397 1583 a
424 1521 530 1600 poetis
556 1518 678 1584 latinis
702 1522 792 1585 traici
818 1519 916 1586 solita
940 1522 1015 1600 sint,
1040 1523 1098 1586 viri
1124 1520 1211 1587 docti
1235 1522 1411 1604 tetigerunt

186 1627 292 1707 magis
317 1643 414 1708 quam
441 1623 550 1690 fusius
574 1631 794 1692 tractaverunt
818 1631 849 1692 et
874 1645 1178 1711 quamquamnon·
1193 1627 1323 1707 desuem,
1354 1628 1409 1710 qul

185 1733 216 1795 in
242 1731 444 1797 editionibus
469 1733 542 1797 suis
566 1732 718 1816 singulos
743 1752 870 1813 versus
895 1734 927 1799 in
952 1733 1253 1817 quibus-traiectio·
1269 1733 1322 1800 illa
1347 1751 1409 1817 usu

185 1840 283 1918 venit,
318 1837 515 1921 collegerint,
546 1844 656 1905 tamen
682 1839 804 1923 qulbus
838 1843 964 1908 normis
997 1846 1029 1907 et
1060 1841 1181 1926 regulis
1213 1843 1263 1907 usi
1294 1846 1414 1924 poetae

185 1944 269 2010 lranc
286 1948 449 2011 sermonis
467 1945 631 2011 licentiam
651 1949 883 2031 usurpaverint
903 1953 935 2014 et
951 1949 1156 2028 variaverint,
1172 1951 1226 2014 vix
1243 1966 1330 2014 unus
1354 1951 1411 2013 aut

184 2050 264 2116 alter
286 2055 470 2118 accuratius
495 2052 669 2136 explanare
694 2060 835 2120 conatus
860 2059 919 2120 est.
966 2053 1057 2130 Quae
1080 2073 1154 2122 cum
1181 2057 1223 2121 lta
1248 2056 1323 2135 sint,
1348 2053 1410 2120 leo

184 2155 234 2237 (G.
252 2157 288 2224 G.
315 2157 349 2224 ll.
376 2158 460 2224 1897
496 2177 525 2241 p.
549 2159 615 2224 956
639 2157 716 2243 squ)
748 2165 779 2226 et
810 2178 914 2244 nuper
938 2157 1111 2228 Nordenus
1147 2154 1345 2245 (Verg..A'en
1370 2160 1409 2226 Vl

184 2264 265 2331 rlnlr.
291 2263 338 2347 111)
373 2265 632 2348 postulaverunt,
665 2272 700 2332 ut
731 2265 864 2333 tandem
896 2267 1075 2351 aliquando
1106 2264 1167 2334 has
1198 2262 1410 2334 dlllicultates

183 2371 371 2437 tractandas
402 2371 522 2456 aliquis
554 2372 618 2439 sibi
651 2379 857 2457 proponeret.
909 2372 1018 2457 ltaque
1042 2374 1084 2440 ad
1109 2373 1203 2440 hanc.
1218 2392 1283 2440 rem
1309 2373 1411 2457 expli·

185 2479 324 2544 eandam
351 2498 389 2544 ex
407 2477 538 2559 Naevio,
556 2478 677 2560 Plauto,
702 2479 816 2559 Ennio,
838 2479 988 2561 Pacuvio,
1004 2479 1110 2561 Accio,
1134 2477 1239 2548 Statio
1263 2477 1411 2561 Caecilio,

184 2585 345 2663 Terentio,
377 2585 506 2664 Lucilio,
537 2585 700 2668 Cicerone,
731 2586 886 2669 lucretio,
917 2585 1052 2669 Catullo,
1074 2587 1212 2669 Tibullo,
1237 2586 1411 2671 Propertio,

184 2692 329 2770 lloratio,
361 2692 514 2776 Vergilio,
546 2697 660 2778 eisque
692 2692 903 2774 carminibus,
943 2713 1027 2779 quae
1059 2698 1090 2761 in
1122 2692 1303 2778 appendice
1331 2693 1410 2759 Ver-

182 2799 303 2882 giliana
330 2805 510 2879 servantur,
538 2801 686 2883 exempla
716 2797 831 2886 collegi
861 2799 927 2867 lere
950 2797 1115 2882 ommia,¹)
1143 2799 1258 2885 paucis
1281 2805 1409 2867 tantum

182 2908 318 2989 ereptis,
344 2906 383 2972 de
409 2906 531 2990 quibus
557 2909 588 2973 in
614 2905 682 2973 line
699 2896 850 2990 opusculi
868 2907 966 2974 verba
990 2906 1118 2974 faciam.
1156 2906 1274 2984 Quanti
1299 2913 1408 2973 autem

183 3015 225 3078 sit
249 3016 408 3080 momenti
435 3017 544 3080 varias
570 3015 641 3080 illas
666 3017 868 3082 traiectionis
884 3013 1010 3099 figuras
1027 3032 1236 3100 cognoscere,
1260 3015 1410 3098 exemplo

183 3138 248 3184 uno
280 3119 321 3186 ad
359 3140 423 3186 rem
461 3123 605 3186 criticam
642 3124 827 3204 pertinente
857 3121 950 3187 liceat
990 3121 1213 3206 comprobare,
1249 3121 1410 3202 versibus,

183 3227 326 3309 inquam,
362 3226 496 3293 lucretii
529 3226 568 3293 Vl
600 3226 733 3307 12o2r3,
774 3230 828 3311 qui
867 3230 909 3293 lta
946 3227 1104 3312 distingui
1141 3227 1263 3295 solent:
1298 3230 1409 3295 omnia

99 3350 102 3354 ·
182 3332 391 3415 complebant
406 3332 475 3400 loca
490 3339 653 3417 tectaque;
667 3352 733 3417 quo
747 3351 853 3418 magis
866 3339 979 3400 aestus
993 3332 1160 3401 contenos
1178 3336 1221 3400 lta
1234 3334 1408 3401 acervatim

183 3456 272 3504 mors
296 3439 534 3506 accumulabat.
581 3439 673 3517 Quos
690 3458 808 3506 versus
833 3458 931 3506 nemo
952 3439 1059 3507 adhuc
1077 3440 1288 3524 probabiliter
1312 3442 1409 3507 inter-

182 3551 329 3628 pretatus
368 3552 428 3627 est,
470 3550 545 3631 quia
585 3547 728 3613 editores
771 3566 857 3631 ,quo
896 3545 1022 3631 magls“
1060 3546 1121 3631 ad,
1159 3544 1410 3615 accumulabat“

181 3651 375 3718 trahendum
411 3672 485 3719 esse
532 3659 740 3734 censuerunt,
785 3672 859 3720 cum
892 3653 1138 3739 „complebanl“
1174 3651 1275 3722 verbo
1316 3660 1409 3739 post-

182 3761 327 3842 positum
346 3763 398 3825 sit.
440 3759 634 3827 Rectissime
651 3767 760 3827 autem
778 3780 895 3827 versus
921 3761 1018 3828 nobis
1042 3762 1181 3829 traditos
1198 3780 1282 3842 esse,
1303 3780 1409 3846 neque

182 3884 259 3932 vero
284 3864 384 3933 ullam
407 3884 520 3933 vocem
547 3867 748 3947 mutandam,
772 3866 866 3934 facile
890 3866 948 3934 tibi
974 3869 1199 3952 persuadebis,
1229 3871 1257 3935 si
1282 3867 1408 3936 scribas

182 3979 213 4039 et
237 3973 441 4057 distinguas:

288 4184 309 4244 ¹'l
329 4191 420 4259 Neque
446 4192 612 4259 colligentur
638 4207 731 4260 neque·
751 4209 766 4246 a
787 4208 927 4262 quoquam
954 4193 1306 4249 desiderabuntuninboc
1324 4209 1409 4262 opus·

180 4281 242 4334 culo
277 4281 401 4348 exempla
435 4282 667 4335 coniunctionum»
703 4284 857 4349 positarum
890 4290 955 4351 post
987 4283 1155 4349 subiectum,
1189 4283 1264 4352 quod
1300 4285 1409 4352 utrique

180 4372 344 4433 sententiae,
365 4371 523 4440 principali·
536 4372 649 4440 inquam
676 4373 949 4439 etroniunctlonali,
968 4373 1252 4442 commuuecprimum
1273 4374 1407 4428 enuntiati

182 4460 273 4513 locum
295 4461 411 4513 obtinet.
