3322 5236
747 366 959 462 ,u-

342 578 408 674 650
443 579 610 646 intervalia
634 583 780 663 viasque,
805 579 966 646 foramina
990 598 1076 664 quae
1100 579 1323 662 perhibemus.

342 685 407 751 687
443 685 495 752 hic
525 686 608 752 odor
638 689 709 771 ipse
742 689 846 770 igitur,
883 689 970 753 naris
1005 687 1200 771 quicumque
1234 687 1377 767 lacessit,

440 793 579 859 estatio
604 799 640 859 ut
664 796 772 876 possit
796 796 936 876 permitti
962 794 1094 878 longius
1118 793 1206 861 aiter.

343 899 408 965 720
442 901 474 966 in
501 900 696 966 remorando
721 900 848 967 laedere
871 918 912 968 ne
936 903 1068 983 possint
1085 919 1124 967 ex
1142 900 1206 967 uita
1224 901 1347 967 lumina
1365 906 1463 985 parte.

345 1006 409 1073 727
445 1007 543 1073 obvia
568 1023 640 1074 cum
665 1010 810 1075 veniunt.

342 1113 407 1180 730
442 1117 589 1199 corporis
614 1114 693 1181 haec
716 1115 873 1198 quonium
898 1120 1069 1199 penetrant
1093 1133 1149 1196 per
1173 1133 1242 1180 rara
1260 1117 1420 1199 cientque.

341 1221 407 1288 736
441 1224 558 1305 partim
580 1221 711 1305 'sponte
743 1240 803 1288 sua
834 1240 920 1305 quae
948 1221 1034 1288 fiunt
1068 1240 1141 1288 aere
1178 1224 1210 1287 in
1244 1224 1326 1304 ipso

342 1328 407 1394 749
442 1329 522 1395 baec
545 1327 615 1395 iteri
640 1335 676 1394 ut
698 1347 854 1409 memoro,
877 1328 973 1395 tacite
1004 1329 1080 1395 binc
1110 1346 1310 1412 cognoscere
1341 1332 1463 1414 possis.

342 1434 407 1501 753
442 1435 558 1502 oculos
581 1452 805 1520 quaecumque
828 1436 996 1502 iacessunt
1020 1434 1097 1502 cont
1121 1435 1195 1502 687.

341 1542 407 1608 760
431 1560 537 1626 usque
560 1542 653 1624 adeo,
671 1549 762 1609 ‘certe
786 1549 822 1608 ut
844 1542 1014 1609 videamur
1038 1561 1176 1609 cernere.

342 1649 407 1716 796
441 1655 588 1734 tempora
614 1650 715 1716 multa
741 1650 849 1731 latent,
874 1653 956 1716 ratio
979 1668 1065 1734 quoe
1080 1652 1238 1733 comperit
1263 1668 1347 1717 esse.

340 1753 407 1818 826
443 1756 629 1837 prospicere
653 1759 690 1818 ut
711 1771 895 1837 possemes.

340 1859 406 1926 852
441 1860 572 1941 credier‚
596 1878 635 1925 ex
661 1879 722 1926 usu
747 1865 935 1944 quaesunt
959 1863 1091 1943 vitaque
1116 1867 1250 1943 reperta.
1400 1937 1408 1953 ,

340 1967 406 2033 866
438 1967 613 2033 subruitur
637 1972 765 2047 natura;
790 1966 884 2033 doior
906 1985 1006 2051 quum
1031 1970 1244 2051 consequitur
1268 1986 1344 2034 rem.

342 2074 408 2140 874
444 2093 534 2141 urere
558 2091 599 2141 ne
622 2076 730 2158 possit
754 2074 842 2141 caior
864 2074 1008 2159 amptius
1033 2074 1145 2140 aridus
1169 2080 1268 2140 artus.

343 2180 408 2247 915
444 2187 581 2248 tutemet
607 2184 638 2246 in
664 2181 758 2265 culpa
783 2184 927 2248 cumsis
954 2200 1059 2265 neque
1083 2200 1213 2248 cernere
1238 2184 1361 2264 possis.

343 2287 409 2354 979
444 2290 542 2355 etiarn
567 2288 742 2372 vigilantes
766 2295 803 2354 ut
824 2288 998 2355 videantur
1021 2307 1150 2355 cernere
1175 2288 1336 2356 saltantis.

306 2420 308 2424 ’
344 2394 430 2460 1020
467 2395 569 2475 multi,
585 2394 626 2461 de
648 2395 817 2461 montibus
834 2395 919 2475 altis
935 2396 1045 2480 utqui
1058 2398 1270 2480 praecipitent
1285 2395 1327 2461 ad
1345 2401 1461 2461 terram

433 2520 575 2586 ¹corpore
598 2508 678 2568 toto,

235 2607 238 2619 “
341 2608 428 2675 1038
463 2628 586 2691 semen,
610 2609 722 2676 adulta
746 2616 838 2676 aetas
862 2611 1100 2694 cumprimum
1125 2611 1257 2678 roborat
1279 2615 1379 2677 artus,

341 2716 428 2783 1048
452 2729 547 2783 mens
568 2715 656 2783 uude
679 2723 730 2783 est
755 2720 866 2784 saucia
891 2736 1011 2784 amore.

341 2822 427 2890 1097
464 2828 500 2889 ut
523 2822 634 2890 bibere
658 2826 690 2889 in
716 2829 846 2890 somnis
871 2826 987 2890 sitiens
1012 2842 1084 2890 cum
1109 2827 1234 2908 quaerit

469 2925 543 3012 (1.6,
561 2935 597 2996 ut
620 2931 746 3010 sitiens,
771 2929 882 2997 bibere
907 2934 938 2997 in
965 2933 1094 2998 somnis
1126 2950 1200 2997 cum
1231 2935 1357 3016 quaerit
1383 2983 1390 2996 .
1419 2983 1426 2998 .
1455 2966 1461 2979 ·

474 3036 622 3115 laborat.)

306 3164 309 3171 ·
341 3143 428 3210 1143
463 3145 621 3228 prendere
644 3163 730 3228 quuc
754 3147 866 3229 possis
892 3145 1060 3212 oculorum
1088 3147 1210 3213 iumine
1234 3152 1356 3228 aperto.

283 3375 312 3443 V
335 3376 379 3442 63
414 3395 543 3443 cernere
566 3393 640 3442 cum
663 3376 834 3443 videamur
857 3396 941 3458 cum,
967 3397 1064 3461 quem
1090 3380 1155 3443 vita
1181 3376 1316 3460 reliquit

274 3485 275 3489 ’
339 3483 382 3550 82
418 3502 494 3550 nam
519 3483 603 3550 bene
626 3485 686 3567 qui
707 3484 849 3552 didicere
874 3484 967 3550 :ut
986 3485 1037 3551 58.

340 3590 405 3656 113
429 3590 585 3675 reiigione
610 3589 792 3657 reirenatus
816 3610 857 3658 ne
872 3591 964 3676 sorte
988 3594 1096 3658 rearis.
1320 3657 1322 3660 Α

340 3698 405 3764 123
440 3700 539 3782 inque
564 3697 661 3765 deum
688 3717 824 3766 numero
847 3718 933 3783 quoe
956 3703 1023 3765 sint
1049 3699 1183 3783 indigna
1208 3698 1367 3766 videntur.

339 3803 404 3872 218
440 3808 605 3889 praeterea
629 3804 736 3890 genus
761 3805 953 3873 horriferum
981 3812 1095 3873 natura
1119 3805 1259 3873 terarum

446 3912 611 3979 humanae
634 3916 722 3997 genti
749 3912 904 3980 iniestum
929 3920 1078 3997 terraque
1103 3915 1248 3997 marique

445 4037 503 4086 cur
525 4019 582 4087 aiit
605 4020 702 4104 atque
726 4027 834 4104 auget.
1187 4032 1189 4037 ’

339 4127 405 4194 293
440 4132 599 4211 perpetuo
622 4128 659 4193 ru'
680 4127 870 4212 suppeditet
895 4128 977 4195 lucis
1002 4134 1099 4213 caput
1125 4130 1243 4211 ipsum.

339 4233 405 4300 294
441 4237 519 4318 quin
545 4236 642 4300 etiam
669 4241 827 4300 nocturna
852 4234 920 4314 tibi,
944 4237 1107 4302 terrestria
1130 4253 1216 4320 quoe
1239 4241 1327 4302 sunt.

339 4340 404 4408 305
443 4340 643 4407 inviolabilia
668 4341 748 4408 baec
771 4359 813 4408 ne
836 4341 951 4408 credas
975 4341 1057 4408 torte
1082 4345 1199 4427 vigere.

339 4447 404 4517 357
440 4447 608 4535 plagarum
633 4449 712 4532 quio
736 4454 815 4517 sunt
838 4451 990 4537 expertia.
