3322 5236
794 358 814 424 7

699 447 911 457 ——-——

352 574 467 640 consol
494 592 611 639 censor
634 573 751 639 aedilis
775 574 853 656 quei
873 573 936 639 luit
960 574 1047 656 apud
1074 592 1136 639 nos

352 699 441 746 mors
466 678 608 763 perfecit,
632 686 687 745 tua
712 686 748 745 ut
770 686 883 746 essent
908 680 1019 746 omnia
1044 679 1163 745 brevia.

298 787 438 853 Dubium
471 789 568 869 igitur
598 806 672 852 esse
705 805 769 851 non
803 792 920 868 potest,
960 789 1047 870 quin,
1086 790 1162 870 quia
1200 790 1416 871 transpositio

192 897 459 959 coniunctionum
509 901 541 959 et
580 895 786 976 pronominis
835 893 958 959 relativi
995 892 1036 959 ab
1061 893 1251 960 auctoribus
1292 894 1414 961 Latinis

190 1001 335 1067 adhibita
379 1005 422 1067 sit
452 1005 643 1085 antiquitus
679 1001 730 1066 hic
770 1020 852 1067 usus
892 1003 936 1066 sit
970 1004 1136 1084 genuinus
1173 1001 1316 1081 Latinus,
1352 1002 1411 1069 sed
1518 1022 1520 1026 ⁴

191 1110 335 1175 concedo
360 1110 401 1175 de
431 1108 597 1192 particulis
622 1109 848 1187 adversativis
873 1108 1079 1191 copulativis,
1115 1109 1313 1190 causalibus,
1343 1110 1413 1176 dis-

192 1218 344 1281 iunctiuis
380 1216 519 1281 dubitari
551 1235 658 1298 posse.
713 1215 816 1298 litque
841 1215 1004 1298 liauptius
1041 1214 1173 1298 (opusc
1213 1215 1245 1299 l),
1289 1220 1343 1301 qui
1376 1216 1416 1283 de

190 1323 385 1405 copulatiuis
416 1330 542 1388 tanturn
575 1326 642 1405 egit
673 1322 972 1401 coniunctionibus
1004 1326 1138 1405 exponit
1166 1326 1227 1390 etsi
1254 1323 1317 1388 sibi
1344 1342 1416 1406 per-

191 1448 327 1495 suasmn
348 1450 413 1495 non
429 1433 480 1503 sit,
498 1437 641 1495 attamen
661 1430 755 1495 valde
773 1432 933 1513 suspicari
952 1448 1036 1503 sese,
1054 1429 1167 1496 barum
1187 1431 1415 1513 particularum

189 1537 356 1602 traiciendi
376 1539 477 1602 moris
494 1540 652 1620 originem
680 1539 711 1601 in
733 1537 1024 1603 Alexandrinorum
1044 1544 1212 1618 poetarum
1232 1540 1412 1604 imitatione

189 1643 408 1728 quaerendam
434 1663 517 1709 esse.
549 1643 618 1708 lloc
643 1643 810 1726 probabile
828 1645 1070 1727 verisimileque
1093 1662 1168 1709 esse
1193 1641 1439 1724 confirmatur,'

190 1751 277 1833 quod
293 1750 499 1816 Alexandrini
512 1770 576 1816 non
598 1751 706 1816 solum
726 1753 825 1826 „unit
847 1771 958 1816 verum
978 1753 1075 1816 etiam
1090 1750 1215 1832 ,‚dild“‚
1229 1751 1415 1818 Latinorum

189 1864 297 1923 autem
317 1861 468 1923 neoterici
487 1861 541 1941 qui
559 1866 718 1924 vocantur
734 1858 801 1939 „at‘
820 1861 912 1941 primi
933 1861 1135 1924 traiecerunt.
1172 1858 1203 1923 ln
1224 1862 1414 1924 universum

189 1973 297 2030 autem
313 1966 523 2031 statuendum
542 1972 601 2044 est,
619 1967 785 2031 rarissime
800 1984 874 2048 prae
889 1968 1011 2049 ingenti
1032 1984 1169 2032 numero
1181 1965 1416 2049 exemplorum,

189 2090 272 2155 quae
297 2073 384 2155 apud
409 2076 611 2155 antiquiores
630 2076 693 2138 iam
712 2079 841 2138 exstent
861 2072 1001 2149 latinos
1020 2075 1051 2138 in
1070 2072 1266 2139 Graecorum
1285 2075 1416 2156 scriptis

189 2183 412 2246 traiectionern
446 2183 604 2262 usurpari,
638 2180 726 2263 quod
765 2199 867 2262 nuper
891 2179 1159 2245 Wilarnowitzius
1185 2182 1216 2245 in
1242 2180 1333 2259 libr0,
1363 2183 1415 2246 cui

190 2286 391 2352 inscribitur:
416 2286 703 2371 „Textgeschiclrte
727 2288 785 2353 der
807 2287 1034 2370 griechischen
1068 2285 1253 2353 bucolilrer“
1278 2287 1418 2353 breviter

190 2396 385 2474 perstrinxit.

295 2499 359 2566 Sed
407 2503 470 2565 iam
519 2519 726 2583 quaeramus
773 2501 943 2583 quomodo
991 2499 1138 2583 exempla
1178 2502 1415 2581 traiectionum,

189 2626 327 2688 quorum
353 2609 470 2689 ingens
495 2613 546 2673 est
563 2626 728 2685 numerus,
753 2609 926 2691 variaeque
943 2606 1067 2672 lormae
1091 2613 1124 2673 et
1146 2606 1272 2690 figurae
1297 2607 1415 2673 distin-

187 2713 338 2795 guendae
375 2716 449 2793 sint,
486 2714 655 2796 quomodo
691 2714 806 2779 ordine
842 2720 873 2779 et
914 2717 1038 2779 ratione
1082 2715 1215 2796 possint
1255 2717 1413 2780 recenseri

190 2839 388 2904 normaeque
412 2828 442 2886 et
467 2821 597 2903 regulae
622 2822 787 2886 constitui.
836 2819 1072 2905 Unusquisque
1097 2826 1207 2886 autem
1226 2820 1322 2886 leoni
1348 2822 1366 2888 1.
1383 2840 1422 2888 n.v

189 2926 345 2991 concedet
370 2929 504 2992 minime
530 2933 648 2991 rectam
675 2945 750 2992 esse
767 2929 853 2991 viam
880 2926 940 2991 lrac
966 2929 997 2991 in
1023 2946 1055 2992 re
1080 2926 1273 3008 explicanda
1299 2929 1413 2993 iterum

188 3040 284 3117 atque
321 3036 434 3098 iterum
473 3040 623 3111 statuere,
659 3052 725 3117 quo
761 3036 944 3099 sententiae
980 3034 1061 3113 loco,
1098 3040 1207 3099 utrum
1245 3036 1336 3100 tertia
1373 3054 1414 3100 an

188 3145 301 3221 quarta
338 3159 378 3205 an
422 3143 535 3225 quinta
573 3140 660 3219 sede,
698 3143 949 3205 coniunctiones
982 3144 1110 3223 positae
1142 3143 1227 3221 sint;
1263 3160 1349 3221 nam,
1381 3149 1416 3207 ut

188 3246 372 3329 exemplum
399 3246 569 3330 proteram,
595 3250 669 3331 quis
687 3253 746 3328 est,
772 3250 826 3332 qui
854 3266 918 3313 non
940 3248 1113 3331 intellegat,
1138 3248 1280 3313 eundem
1307 3247 1413 3314 locum

189 3387 230 3394 —
254 3360 329 3419 ante
353 3355 488 3420 uerbum
508 3357 640 3438 inquam
668 3390 707 3397 -
734 3372 917 3437 pronomen
944 3353 1112 3420 relativum
1131 3354 1280 3420 obtinere
1305 3357 1336 3420 in
1363 3355 1414 3420 his

190 3457 322 3525 lucretii
348 3461 516 3527 versibus:
720 3468 722 3471 ’

295 3566 381 3633 1557
407 3568 503 3651 longa
529 3567 740 3643 dieilinlinita
759 3575 850 3634 aetas
868 3571 1007 3635 anteacti
1026 3571 1184 3651 temporis
1203 3571 1313 3635 omnis
1328 3568 1418 3649 quod

188 3670 340 3755 fregisset

295 3787 326 3845 et
350 3780 431 3845 1567
459 3782 567 3847 mollia
592 3795 676 3860 quoe
699 3780 785 3847 liunt

188 3891 248 3952 etsi
283 3890 313 3952 in
347 3888 401 3953 illo
434 3907 530 3954 versu
562 3891 712 3971 septima,
747 3891 777 3953 in
816 3888 877 3954 hoc
915 3891 1060 3955 secunda
1097 3892 1299 3972 pronuntiati
1336 3890 1414 3957 sede

189 3997 332 4078 positum
359 3997 427 4061 sit?
452 3995 555 4079 litque
573 4002 832 4061 consentaneum
851 4002 911 4077 est,
936 3999 1089 4079 quotiens
1108 4000 1236 4080 propria
1261 4002 1293 4063 et
1316 4017 1415 4080 pecu-

188 4102 255 4167 liari
288 4102 375 4181 sede,
407 4103 438 4167 id
470 4109 529 4179 est,
563 4105 654 4167 initio
687 4106 868 4169 sententiae
901 4106 1150 4170 coniunctiones
1175 4111 1206 4170 et
1231 4123 1413 4188 pronomen

189 4210 356 4274 relativum
376 4210 588 4292 depellantur,
607 4217 723 4293 suapte
741 4217 855 4276 natura
873 4212 913 4276 ad
932 4212 1067 4277 uerbum
1094 4212 1175 4277 trahi
1201 4217 1232 4277 et
1249 4215 1414 4280 artissime

187 4336 260 4383 cum
282 4336 321 4384 eo
347 4319 511 4400 coniungi.
559 4317 603 4382 Ex
629 4317 690 4384 hoc
715 4321 813 4402 igitur
836 4337 955 4402 genere
985 4321 1163 4384 maximum
1189 4320 1413 4403 exemplorum

188 4443 359 4490 numerum
386 4427 602 4491 inveniemus,
649 4424 709 4502 Qui
736 4426 868 4510 quidem
888 4445 971 4492 usus
988 4445 1086 4510 quam
1110 4426 1172 4494 late
1198 4433 1315 4510 pateat,
1339 4434 1414 4511 apte
