3360 5236
300 582 386 648 1270
412 600 470 647 nec
502 584 565 646 iam
599 580 711 665 religio
743 580 856 648 divum
890 600 949 648 nec
987 583 1124 646 numina
1163 584 1272 666 magni
1299 582 1421 667 pende-

212 725 222 750 t
329 681 332 687 ’
397 688 517 755 bantur
540 689 660 764 enimi.

192 815 296 899 Verg.
320 832 429 898 georg.
454 813 474 879 ll
492 813 558 878 500
575 813 662 880 lrunc
680 814 818 897 plausus
836 814 980 879 hiantem
1004 833 1060 897 per
1083 833 1208 880 cuneos
1232 818 1421 898 geminatus

418 921 504 988 enim
518 927 531 991 l
542 920 714 1004 plebisque
740 926 934 1004 patrumque
960 923 1124 1004 corripuit.

191 1048 268 1114 rien.
294 1047 314 1113 ll
341 1047 405 1112 100
430 1065 489 1112 nec
515 1048 672 1129 requievit
698 1045 784 1112 enim
798 1049 812 1114 l
826 1045 930 1119 donec
949 1094 955 1107 .
975 1098 1004 1111 ..

237 1173 274 1238 Vl
299 1172 364 1238 317
391 1172 518 1238 {leneas
545 1174 681 1236 miratus
705 1172 819 1245 enimi
833 1177 944 1238 motus
969 1191 1033 1255 que
1057 1173 1211 1239 tumultu.

191 1299 299 1364 tiorat.
325 1303 385 1364 sat.
411 1297 430 1362 ll
457 1297 518 1366 7105
546 1303 638 1379 tergo
664 1297 786 1380 plector
810 1297 904 1363 enlm.

748 1527 870 1613 lgltur.

343 1654 498 1737 particula
538 1673 555 1719 a
590 1653 710 1734 Plauto,
751 1652 914 1734 Cicerone,
955 1654 1052 1732 livio,
1092 1655 1259 1734 Sallustio,
1298 1656 1418 1738 Tacito,

190 1762 391 1839 Quintiliano
420 1780 519 1844 saepe
549 1764 653 1843 primo
678 1763 957 1844 pronuntiationis
988 1762 1059 1827 loco
1085 1765 1216 1844 ponitur
1244 1761 1341 1838 (coni.
1375 1765 1420 1832 fr.

192 1870 291 1937 lleue:
324 1869 549 1935 Formenlehre
580 1868 637 1933 der
668 1867 719 1933 lat.
751 1868 895 1951 Spracbe
928 1868 948 1933 ll
982 1887 1011 1951 p.
1042 1867 1130 1951 975).
1184 1869 1294 1937 Verbo
1327 1878 1419 1955 post-

190 1981 297 2062 posita
324 1976 387 2042 sub
412 1976 512 2041 linem
539 1978 722 2041 sententiae
748 1974 883 2058 legitur:

191 2102 288 2169 Lucr.
314 2101 335 2167 ll
361 2097 445 2166 *078
469 2107 574 2176 cetera
592 2100 756 2166 consimili
783 2103 903 2166 mentis
921 2102 1045 2167 ratione
1065 2120 1243 2185 peragrans
1270 2106 1418 2171 invenies

458 2208 566 2290 igliur.

189 2332 314 2403 Aetna.
341 2334 417 2399 *341
447 2352 505 2399 nec
531 2333 648 2399 levitas
674 2339 763 2398 tanta
789 2340 840 2399 est
865 2333 967 2418 igitur
977 2336 999 2406 l.

735 2544 871 2630 ltaque.

309 2673 396 2756 apud
434 2674 636 2756 antiquiores
673 2678 788 2756 poetas
823 2678 855 2738 et
895 2675 1072 2757 scriptores
1116 2672 1248 2741 latinos
1288 2694 1419 2760 semper

188 2785 328 2866 primum
366 2779 472 2845 locum
510 2782 669 2845 enuntiati
710 2779 850 2859 obtinet;
897 2799 915 2846 a
956 2780 1205 2864 posterioribus
1246 2788 1280 2848 ut
1320 2783 1417 2864 livio,

188 2890 321 2967 Seneca,
355 2887 466 2964 Plinio,
490 2884 702 2962 Quintiliano,
738 2886 877 2969 llpuleio
917 2889 1051 2970 saepius
1091 2887 1304 2955 subiunctam
1341 2909 1417 2957 esse

187 2995 271 3062 banc
297 2993 486 3078 particulam
513 2998 626 3057 notum
653 2999 712 3058 est.
760 2992 930 3060 Poetarum
956 3012 1043 3072 vero,
1068 2994 1252 3078 dequibus
1277 3000 1416 3080 agimus,

188 3104 337 3187 inprimis
363 3101 528 3166 Lucretius
539 3097 560 3181 ¹)
586 3117 685 3182 saepe
708 3101 813 3183 itaque
835 3103 978 3173 traiecit:
1061 3111 1064 3116 '

232 3264 251 3329 ll
277 3260 360 3328 *560
386 3280 444 3327 nec
469 3279 623 3343 superare
648 3266 773 3343 queunt
798 3267 910 3326 motus
933 3263 1038 3345 itaque
1061 3262 1217 3330 exitiales.
1243 3326 1247 3340 ,

293 3370 359 3434 000
383 3386 482 3450 saepe
507 3369 610 3451 itaque
634 3396 674 3416 =
701 3366 733 3431 lll
760 3367 824 3432 100
848 3366 876 3432 V
903 3367 997 3433 1302.

169 3465 173 3481 ’
236 3495 268 3560 lll
293 3492 359 3559 020
384 3496 525 3577 pictores
549 3493 654 3575 itaque
677 3498 708 3558 et
733 3494 929 3576 scriptorum
955 3493 1062 3559 saecla
1088 3496 1204 3576 priora.

214 3620 253 3687 lV
278 3619 357 3685 *705
381 3623 488 3683 errant
513 3635 620 3700 saepe
637 3635 737 3682 canes
761 3618 873 3700 itaque.

292 3725 357 3791 732
382 3723 566 3790 Contauros
590 3725 694 3807 itaque
718 3729 749 3789 et
773 3723 954 3806 Scyllarum
981 3726 1127 3791 membra
1153 3727 1302 3794 videnus.

291 3831 357 3899 078
382 3849 438 3915 per
462 3831 584 3896 multos
608 3832 712 3913 illique
734 3829 787 3895 illa
813 3830 884 3896 dies
909 3831 1024 3897 eadem
1050 3832 1277 3900 observantur.
1409 3840 1411 3843 ’

242 3956 380 4024 01114
406 3975 457 4022 res
480 3958 583 4039 itaque
607 3955 647 4021 ad
674 3974 839 4021 summam
864 3954 987 4022 faecem
1013 4008 1020 4022 .
1044 4009 1051 4023 .
1076 3957 1210 4024 redibat.

241 4084 269 4150 V
293 4081 381 4147 1302
405 4099 503 4163 saepe
528 4082 632 4164 itaque
649 4083 731 4145 inter
755 4099 792 4146 se
811 4083 963 4164 prostrati
989 4133 995 4146 .
1020 4133 1026 4148 .
1051 4133 1058 4147 .
1083 4101 1220 4165 corpora
1237 4082 1412 4150 habebant.

155 4299 157 4303 .
230 4208 269 4274 Vl
294 4206 360 4272 000
383 4203 445 4270 tert
468 4205 573 4287 itaque
595 4203 745 4269 ardorem
771 4203 876 4287 longe.

184 4365 397 4377 ----

292 4453 313 4521 ¹)
333 4458 406 4513 conl.
427 4457 536 4510 lloltze:
558 4456 664 4523 Syntax
686 4457 789 4511 lucret.
811 4475 836 4525 p.
858 4459 917 4512 100.
956 4458 1026 4526 lips
1048 4461 1125 4513 1808.
