3360 5236
768 374 979 472 „Jec-

258 592 341 659 llor.
365 594 459 675 epist.
485 592 493 657 l
521 590 573 661 110
601 610 687 657 nunc
711 593 815 674 linque
842 596 873 656 et
906 610 1023 657 uersus
1055 596 1086 656 et
1111 596 1215 656 cetera
1241 591 1363 658 ludicra
1389 612 1487 677 pon0.

803 828 852 904 at,
878 821 954 891 seri.

367 968 385 1017 a
411 950 646 1017 recentioribus
676 952 783 1033 poetis
813 949 960 1015 secundo
986 948 1057 1014 loco
1082 968 1181 1032 saepe
1206 949 1414 1018 collocantur.

261 1092 391 1161 Catuli.
414 1093 484 1165 otu
513 1095 619 1176 ipsius
643 1098 677 1154 nt
702 1092 809 1171 sedes,
834 1110 1042 1175 quacumque
1066 1091 1222 1173 opulenta
1247 1098 1393 1161 recessit.

367 1234 393 1271 rs
421 1203 594 1266 immemor
617 1206 651 1261 nl
676 1202 804 1265 iuvenis
828 1197 961 1281 fugiens
986 1198 1075 1281 pellit
1100 1199 1192 1264 uada.

262 1325 367 1411 Verg.
391 1324 447 1391 ecl.
471 1324 517 1395 ln
546 1326 680 1408 saepius
705 1329 738 1385 nl
763 1325 789 1388 si
817 1342 867 1389 me
988 1326 1122 1389 revisas.

368 1432 417 1503 849
443 1431 584 1498 crudelis
604 1436 714 1508 mater,
733 1432 839 1514 magis
856 1436 889 1492 nl
907 1450 987 1512 puer
1004 1430 1175 1513 improbus
1194 1431 1244 1497 ille
1262 1433 1354 1511 l.‚an“
1371 1435 1489 1519 tradit.)

369 1539 437 1610 10³1
466 1541 570 1605 tristis
594 1544 627 1600 nl
652 1539 703 1604 ille
731 1544 860 1618 „tamen
887 1538 1046 1616 cantabis,
1071 1538 1244 1616 Arcades“‚
1270 1544 1382 1625 lnquit.

262 1668 372 1733 georg.
397 1646 429 1712 lll
454 1646 517 1712 331
543 1646 691 1711 aestibus
722 1652 755 1707 nl
789 1645 907 1712 mediis
940 1646 1130 1711 umbrosam
1164 1650 1330 1730 exquirere
1365 1650 1490 1718 vallem.

264 1756 341 1823 Aen.
358 1754 386 1820 V
402 1755 468 1821 264
486 1754 623 1820 indutus
638 1759 671 1816 nl
690 1753 767 1819 olim
787 1753 961 1819 Demoleos
979 1772 1076 1820 cursu
1090 1753 1238 1836 palantes
1251 1754 1352 1822 Troas
1364 1758 1491 1841 agebat.

295 1863 346 1929 Vll
371 1861 437 1928 500
462 1863 597 1928 saucius
621 1866 654 1923 nl
678 1859 867 1944 quadrupes
894 1867 970 1926 nota
998 1863 1079 1926 intra
1104 1867 1187 1927 tecta
1214 1860 1340 1945 relugit.

372 1969 406 2036 lll
431 1968 499 2033 753
525 1970 660 2034 saucius
684 1974 718 2028 nt
734 1985 871 2050 serpens
897 1970 1035 2033 sinuosa
1060 1967 1228 2035 volumina
1253 1976 1370 2036 versat.

263 2078 350 2144 llor.
375 2082 435 2142 sat.
460 2075 468 2140 l
493 2075 540 2147 241
568 2077 668 2141 tutior
691 2080 725 2136 nt
749 2080 873 2158 quanto
900 2093 988 2140 merx
1013 2081 1064 2140 est
1090 2077 1121 2139 in
1148 2075 1255 2142 classe
1281 2079 1436 2145 secunda.

371 2202 419 2267 8ur
447 2202 587 2266 mentior
609 2205 643 2261 nt
667 2199 786 2284 siquid.

374 2326 405 2392 ln
431 2324 564 2391 Tibulli
590 2324 703 2408 elegiis
727 2330 761 2386 nl
785 2343 916 2406 semper
940 2343 1002 2390 suo
1029 2324 1100 2390 loco
1126 2327 1232 2407 posita
1259 2334 1318 2392 est.

266 2435 370 2519 Prop.
395 2433 435 2499 lV
459 2435 506 2502 lm
534 2430 648 2497 Gallus
672 2438 706 2494 ot
731 2433 762 2495 in
788 2434 914 2508 castris,
939 2431 1016 2496 (lum
1043 2431 1164 2496 credita
1189 2435 1284 2515 signa
1310 2441 1424 2501 tuetur.

374 2541 443 2611 102³
471 2538 597 2605 Cossus
621 2545 654 2600 nt
679 2540 863 2622 insequitur
888 2537 1034 2602 Veientis
1059 2539 1157 2603 caede
1182 2538 1348 2612 Tolumni.

267 2790 396 2859 catull.
420 2788 480 2864 511,
514 2789 624 2872 lingua
647 2788 709 2854 sed
730 2794 837 2871 torpet
861 2791 970 2854 tenuis
995 2787 1058 2854 sub
1082 2794 1182 2855 artus.

269 2913 400 2998 Vergil.
425 2912 481 2980 ecl.
504 2913 552 2983 lu
595 2915 664 2995 ipse
688 2911 802 2978 sedin
829 2915 930 2995 pratis
954 2915 1039 2978 aries
1065 2916 1127 2978 iam
1154 2933 1256 2980 suave
1281 2916 1417 2982 rubenti.

269 3021 346 3087 lien.
372 3021 378 3086 l
404 3019 470 3085 353
506 3022 577 3102 ipsa
601 3018 715 3084 sedin
741 3021 870 3084 somnis
897 3019 1056 3083 inbumati
1081 3022 1169 3084 venit
1195 3023 1311 3103 imago

308 3128 339 3194 lll
398 3126 440 3193 37
476 3129 568 3193 tertia
592 3123 654 3193 s'ed
676 3132 852 3209 postquam
879 3129 1000 3191 maiore
1026 3126 1156 3192 hastilia
1182 3130 1256 3193 nisu
1281 3129 1463 3212 adgredior.

375 3235 441 3300 586
476 3233 602 3300 siderea
628 3233 734 3317 polus
759 3233 902 3299 obscuro
925 3233 987 3299 scd
1010 3232 1119 3299 nubila
1146 3235 1245 3300 caelo.

303 3342 331 3408 V
377 3339 443 3407 320
478 3343 647 3425 proximus
672 3340 756 3419 huic,
782 3340 881 3423 longo
904 3339 967 3406 sed
989 3344 1157 3422 proximus
1184 3343 1361 3409 intervallo.

299 3466 338 3532 Vl
378 3465 443 3532 315
479 3469 587 3532 navita
611 3465 673 3531 sed
693 3467 797 3530 tristis
823 3483 908 3529 nunc
934 3464 996 3529 lros
1023 3484 1108 3530 nunc
1133 3469 1249 3548 accipit
1275 3466 1356 3533 illos.

294 3574 344 3640 Vll
380 3574 445 3640 704
482 3576 609 3639 misceri
636 3578 735 3656 putet,
759 3575 878 3637 aeriam
903 3571 965 3665 secl
985 3575 1112 3655 gurgite
1136 3572 1178 3637 ab
1202 3573 1277 3638 alto.

378 3681 443 3746 736
479 3683 542 3746 iam
568 3682 690 3759 senior;
716 3681 829 3762 patriis
852 3678 1001 3744 sednon
1028 3687 1058 3744 et
1083 3678 1173 3744 lilius
1197 3683 1293 3745 aruis.

305 3806 340 3874 lll
400 3807 443 3871 63
478 3808 595 3888 exigua
621 3807 774 3887 ingentis,
800 3807 920 3870 misero
944 3804 1006 3870 sed
1028 3804 1136 3871 debita
1161 3809 1252 3888 patri.

379 3913 442 3979 631
479 3915 571 3979 tertia
595 3911 657 3977 sed
678 3917 853 3994 postquam
880 3914 1049 3994 congressi
1083 3914 1114 3975 in
1147 3912 1267 3994 proelia
1304 3920 1392 3979 totas

487 4018 572 4086 conl.
598 4018 630 4084 lll
656 4018 707 4084 37.

380 4128 445 4193 816
961 4137 1040 4192 ossa
1064 4125 1126 4191 sed
1147 4129 1229 4192 inter

486 4233 610 4300 terreus
646 4232 686 4298 ad
724 4237 835 4298 costas
870 4233 936 4298 alto
972 4238 1037 4298 stat
1073 4232 1205 4299 vulnere
1242 4253 1361 4300 mucro.

297 4342 363 4409 Cul.
398 4342 441 4407 35
478 4342 586 4406 mollia
610 4339 673 4406 seri
693 4343 781 4405 tenui
808 4340 889 4422 pede
914 4360 1039 4405 currere
1063 4344 1206 4406 carmina
1231 4342 1361 4425 gaudet.

382 4447 446 4514 104
481 4449 581 4513 valuit
604 4447 667 4513 seri
687 4451 815 4512 vincere
839 4499 846 4511 .
871 4499 877 4512 .
902 4500 908 4512 .
934 4447 1078 4513 membra
1103 4448 1265 4513 draconis.
