3322 5236
791 350 834 419 59

304 566 374 638 6344
411 566 531 634 tlbicen
556 567 611 631 obi
634 571 721 635 canit
746 568 858 652 Phryx.

241 687 275 774 2)
311 692 380 762 112³
419 698 643 776 praetereunte
664 699 829 777 postquam
853 698 960 759 tactus
985 696 1133 758 aratrost.

304 799 376 870 4410
412 798 586 867 Sestianus
610 800 685 863 dum
709 800 785 867 volo
810 799 886 866 esse
910 800 1059 867 conviva.

349 939 373 976 tr
413 925 521 973 meum
546 906 629 985 quod
653 925 718 974 non
744 925 780 973 es
806 905 871 972 ulta
897 910 1076 989 peccatum.

304 1012 376 1084 64l0
412 1019 517 1080 totum
543 1015 596 1092 qui
619 1013 826 1097 amplectitur
849 1011 971 1079 orbem.

336 1153 376 1190 oo
413 1120 631 1187 truculentum
658 1120 712 1183 ubi
735 1119 853 1186 dividit
876 1137 1007 1204 aequor.
1069 1185 1080 1196 .

304 1227 376 1299 6619
414 1233 527 1311 optato
552 1245 642 1308 quom
669 1231 773 1294 iunxit
798 1228 929 1294 lumine.

305 1334 360 1405 702
409 1335 529 1419 cupido
554 1335 637 1414 qood
660 1335 739 1402 dicit
762 1338 896 1402 amanti.

198 1476 333 1562 Verg.¹)
358 1475 390 1562 2)
416 1478 472 1545 ecl.
492 1479 540 1550 3⁶9
578 1482 684 1546 adriae
709 1496 767 1559 prro
793 1497 991 1563 congessere
1017 1477 1199 1562 palumbes.

327 1585 359 1654 51
398 1584 476 1652 boni
502 1587 649 1664 quonium
673 1589 893 1653 convenimus
917 1584 1025 1652 ambo.

306 1692 377 1762 10⁵0
402 1690 587 1760 Chalcidico
612 1699 792 1773 quaesunt
817 1693 895 1760 rnlhi
921 1692 1053 1760 condita
1078 1711 1184 1759 versu.

200 1794 231 1881 1)
256 1816 367 1883 georg.
392 1799 400 1864 l
425 1800 468 1866 94
502 1799 638 1884 glaebas
663 1803 718 1880 qui
740 1800 861 1885 trangit
885 1802 1014 1867 inertes.

245 1922 264 1988 ll
306 1923 372 1990 493
408 1923 489 1991 deos
514 1927 569 2005 qui
593 1928 685 1992 novit
708 1931 866 2010 agrestes.

199 2026 233 2113 2)
259 2029 267 2094 l
307 2030 349 2096 97
387 2035 556 2114 proscisso
580 2049 658 2112 quoe
681 2035 820 2099 suscitat
843 2050 985 2117 aequore
1008 2037 1108 2116 terga.

306 2137 372 2204 208
408 2157 502 2222 pares
528 2139 582 2203 ubi
604 2138 715 2206 lecerit
740 2140 848 2207 horas.

305 2244 370 2310 427
408 2252 605 2313 reuertentes
630 2263 721 2326 quom
739 2248 883 2331 primum
907 2246 1030 2330 colligit
1056 2248 1150 2330 ignis.

247 2350 267 2416 ll
308 2351 351 2416 54
387 2371 511 2420 vacuos
535 2355 563 2417 si
586 2356 630 2420 sit
653 2355 781 2439 digesta
807 2373 864 2438 per
886 2372 993 2439 agros.

234 2475 266 2540 lll
308 2475 351 2542 48
388 2479 490 2560 prima
515 2484 588 2558 quot
610 2478 706 2545 abest
729 2478 771 2545 ab
796 2481 930 2563 origine.

306 2583 372 2650 563
408 2586 536 2651 invisos
560 2587 657 2665 siquis
680 2592 854 2670 temptaret
877 2588 1027 2652 amictus.

200 2706 278 2775 hen.
295 2704 327 2791 1)
354 2708 375 2774 ll
400 2708 465 2775 689
501 2710 653 2793 precibus
677 2713 705 2774 si
727 2710 869 2777 flecteris
894 2710 978 2777 ullis.

227 2813 266 2879 Vl
307 2814 373 2881 465
408 2823 505 2899 teque
529 2816 688 2900 adspectu
713 2838 751 2880 ne
774 2816 931 2883 subtrahe
956 2823 1079 2882 nostr0.

306 2921 373 2986 698
408 2927 505 3006 teque
529 2923 681 3007 amplexu
707 2945 745 2987 ne
767 2923 924 2990 subtrahe
950 2929 1073 2990 nostro.

307 3028 374 3094 813
409 3031 475 3096 otia
493 3031 547 3108 ooo·
564 3037 692 3114 rumpet
709 3033 840 3114 patriae.
879 3030 945 3097 868
962 3030 1084 3096 luctum
1103 3051 1141 3092 ne
1157 3047 1275 3112 quaere
1288 3035 1429 3094 tuorum.

223 3134 276 3200 'lll
309 3135 376 3202 583
410 3139 540 3220 genitor
563 3153 651 3216 quem
677 3141 810 3204 miserat
834 3137 965 3204 Arcens.

236 3241 275 3307 *ll
309 3241 376 3308 303
412 3242 513 3310 dorso
537 3242 612 3306 dum
637 3243 758 3327 pendet
783 3245 904 3328 iniqu0.

245 3345 262 3382 *
308 3348 375 3415 322
410 3367 510 3417 voces
533 3349 609 3416 dum
634 3353 732 3417 iactat
756 3353 884 3417 inertes.

246 3456 259 3484 *
305 3455 371 3521 454
408 3457 541 3540 specula
565 3474 638 3524 curn
662 3457 744 3524 vidit
767 3456 809 3523 ab
833 3457 906 3523 alta.

246 3563 259 3591 ⁸
306 3562 372 3629 649
407 3564 573 3631 thalamos
597 3583 638 3632 ne
662 3564 776 3631 desere
801 3569 925 3648 pactos.

201 3666 235 3753 2)
267 3669 276 3735 l
307 3669 351 3736 20
390 3670 504 3755 Tyrias
529 3671 607 3739 olim
632 3689 718 3757 quoe
741 3679 878 3738 verteret
901 3690 992 3737 arces

246 3777 259 3806 *
306 3777 372 3842 250
408 3778 487 3845 caeli
511 3778 631 3863 ouibus
655 3779 775 3845 adnuis
800 3797 916 3845 arcem.

309 3884 375 3950 368
410 3889 540 3952 taurino
563 3892 722 3970 quantum
747 3893 886 3970 possent
909 3885 1110 3952 circumdare
1133 3891 1234 3971 tergo.

308 3991 374 4057 388
409 3991 536 4076 Tyriam
561 3993 621 4077 qui
641 3993 815 4060 adveneris
841 3991 963 4059 urbem.

309 4167 331 4234 ¹)
352 4175 484 4241 Persaepe
509 4174 552 4228 his
577 4191 678 4229 vocum
700 4176 824 4228 seriebus
844 4174 918 4241 apud
937 4173 1086 4242 Vergilium
1113 4179 1178 4241 post
1196 4173 1430 4241 penthemimeren

203 4265 395 4329 paroemracus
415 4263 543 4327 ellicitur,
570 4281 641 4332 quae
668 4266 792 4331 exempla
821 4264 928 4317 stellula
959 4265 1068 4330 signata
1098 4270 1178 4328 sunt;
1205 4263 1314 4317 duabus
1338 4268 1430 4317 autern

203 4352 319 4406 stellulis
350 4368 380 4406 ea
411 4353 545 4420 exempla,
578 4355 624 4406 ubi
657 4361 721 4407 ante
753 4354 956 4420 paroemiacum
986 4353 1151 4406 attributum
1184 4351 1350 4406 collocatum
1380 4358 1431 4407 est·

204 4456 323 4508 signavr.
