3360 5236
858 339 901 423 '98

267 575 361 656 epist.
387 572 395 638 l
421 572 491 638 luo
517 592 588 638 mea
619 589 677 638 cur
705 576 854 658 ingratus
885 573 1045 658 opuscula
1080 573 1179 641 lector
1203 572 1313 641 laudet
1337 580 1498 658 ametque.

250 779 251 783 Ἰ
396 679 444 745 au
472 686 586 746 notum
610 680 644 746 si
665 681 779 746 callida
806 681 940 747 uerbum
968 681 1144 747 reddiderit
1170 684 1317 748 iunctura
1336 700 1467 747 novum.

377 787 447 858 tou
473 790 636 854 terrestria
660 788 818 871 quondo!
833 789 989 855 mortales
1014 791 1143 854 animas
1168 791 1283 854 vivunt
1308 792 1431 855 sortita.

268 931 363 978 carm.
382 913 390 977 l
408 912 457 978 fu
483 912 578 978 albus
604 918 640 976 ut
662 912 805 979 obscuro
832 914 977 997 deterget
1004 913 1113 979 nubila
1140 915 1230 980 caelo
1243 917 1257 987 l
1271 933 1370 996 saepe
1389 920 1498 980 notus.

329 1019 349 1086 ll
374 1019 408 1085 82
435 1020 498 1085 ulla
522 1020 556 1086 si
578 1022 657 1085 iuris
682 1020 743 1111 tibi
766 1023 897 1103 peierati
911 1023 926 1097 l
939 1040 1044 1103 poena
1063 1074 1069 1087 .
1086 1074 1116 1087 ..
1143 1025 1320 1087 nocuisset.

268 1143 524 1217 carm.lV14rr
556 1150 595 1224 te,
643 1144 802 1211 beluosus
847 1145 907 1229 qui
952 1149 1085 1212 remotis
1139 1146 1300 1228 obstrepit
1347 1146 1498 1212 Oceanus

474 1252 648 1317 Britannis.
1264 1248 1267 1252 ’

260 1393 347 1461 ·le.
372 1395 391 1460 ll
416 1395 465 1460 3ro
504 1394 617 1461 bellica
641 1411 714 1460 cum
738 1395 849 1461 dubiis
876 1401 979 1462 rostra
1005 1395 1095 1461 dedit
1120 1396 1254 1462 ratibus.

396 1502 446 1566 410
467 1501 622 1584 naufraga
646 1519 747 1585 quum
771 1506 855 1567 vasti
881 1503 1032 1568 tunderet
1060 1503 1146 1567 unda
1173 1505 1282 1567 maris.

396 1609 446 1673 51ss
465 1609 577 1674 abdita
601 1626 687 1691 quoe
710 1611 802 1674 senis
827 1610 912 1674 facta
938 1613 1025 1675 canit
1051 1610 1201 1691 pedibus.

286 1721 288 1726 ’
419 1738 446 1777 ro
464 1715 576 1781 Troica
600 1715 660 1815 qui
683 1714 831 1798 profugis
857 1736 949 1782 sacra
975 1716 1069 1781 vehis
1095 1717 1229 1782 ratibus.

268 1874 373 1960 Prop.
399 1876 465 1948 132
492 1875 677 1942 ebriacum
702 1877 805 1943 multo
829 1877 988 1942 traherem
1016 1871 1154 1960 vestigia
1182 1877 1316 1942 Baccho.

321 2002 351 2067 ll.
397 2001 443 2067 321
472 2006 504 2068 et
528 2020 588 2067 sua
612 2017 685 2066 cum
709 2003 863 2093 antiquae
889 2004 1064 2067 committit
1089 2004 1184 2084 signa
1211 2000 1378 2067 Corinnae.

375 2109 430 2175 tls
472 2107 605 2175 difficile
629 2114 665 2173 ut
687 2114 757 2174 toto
783 2114 895 2174 monte
920 2108 1045 2175 volutet
1069 2129 1165 2175 onus,

375 2216 446 2282 2210
472 2215 579 2281 lndica
602 2232 687 2307 quos
712 2215 821 2281 medlo
845 2218 963 2281 vertice
987 2235 1117 2298 gemma
1142 2221 1239 2281 tenet.

375 2323 430 2389 260
472 2341 568 2389 aurea
592 2340 693 2407 quam
718 2323 806 2388 molli
833 2330 959 2406 tergore
984 2327 1070 2389 vexit
1094 2326 1176 2389 ouis.

312 2448 344 2515 ill
392 2448 441 2513 tu
468 2447 624 2532 naufraga
649 2465 721 2514 cum
746 2457 842 2513 vasto
868 2447 1001 2514 Graecia
1027 2454 1127 2513 tracta
1153 2447 1268 2514 salost‘.

375 2556 431 2621 tos
468 2555 607 2622 candida
632 2574 699 2639 quo
721 2557 872 2639 geminas
898 2556 1079 2620 ostendunt
1104 2557 1246 2621 culmina
1272 2563 1386 2621 turres.

375 2663 446 2729 231⁸
472 2662 600 2746 garrula
624 2679 697 2728 cum
722 2662 852 2728 blandis
877 2663 1007 2728 ducitur
1031 2663 1109 2728 hora
1135 2663 1230 2728 dolis.

314 2788 354 2855 lV
381 2789 444 2854 lna
483 2807 557 2853 nam
583 2793 647 2853 tua·
663 2803 735 2853 cum
760 2787 851 2853 multi
877 2794 1046 2853 versarent
1071 2807 1142 2853 rura
1169 2790 1305 2853 iuvenci.

396 2895 445 2960 au
472 2894 624 2978 plumbea
648 2910 721 2959 cum
745 2901 848 2959 tortae
874 2901 1075 2977 sparguntur
1099 2894 1244 2977 pondera
1269 2893 1401 2959 fundae.

396 3002 445 3068 Su
470 3000 566 3066 fortia
590 3000 668 3065 dum
693 3003 800 3083 posita
825 2999 978 3083 Gorgone
1005 3000 1149 3065 membra
1177 3001 1269 3065 laval.

375 3109 445 3174 1020
472 3100 598 3191 Belgica
622 3124 695 3172 cum
719 3111 802 3174 vasti
830 3126 941 3190 parma
967 3108 1064 3173 relata
1091 3107 1194 3173 ducis

375 3233 444 3299 llna
469 3252 542 3298 cum
568 3231 668 3298 verbo
700 3235 950 3317 coniunctiones
982 3238 1013 3298 et
1038 3251 1128 3316 pron.
1155 3233 1206 3298 rel.
1233 3235 1313 3296 inter
1337 3232 1496 3297 adlectiva

270 3344 390 3407 inserta
415 3346 494 3406 sunt
519 3343 550 3405 in
576 3338 629 3405 his
653 3339 826 3422 exemplis:

270 3466 356 3531 lucr.
382 3464 402 3530 ll
427 3464 492 3529 559
517 3464 658 3530 subdola
683 3481 756 3529 cum
782 3464 862 3529 ridet
888 3463 1004 3546 placidi
1031 3463 1165 3546 pellacia
1192 3467 1311 3545 pontis.

314 3590 353 3656 Vl
377 3589 444 3655 610
467 3591 578 3655 omnia
602 3607 667 3672 quo
691 3592 825 3654 veniant
850 3592 892 3654 ex'
914 3591 1002 3654 omni
1029 3588 1167 3653 flumina
1194 3595 1291 3671 parte.

230 3705 236 3715 '
269 3713 372 3781 Catuli
397 3714 440 3781 64
466 3737 505 3776 ru
532 3715 608 3779 talia
633 3714 692 3796 oui
714 3714 824 3779 reddis
850 3733 908 3796 pro
933 3714 1019 3779 dulci
1046 3716 1188 3796 praemia
1214 3716 1306 3779 vitae.
1389 3715 1393 3722 ’

376 3822 441 3887 159
467 3839 565 3886 saeva
589 3821 680 3904 quod
701 3820 858 3886 horrebas
884 3823 979 3903 prisci
1007 3827 1176 3903 praecepta
1202 3824 1356 3904 parentis.

269 3947 375 4013 Tibull
401 3946 409 4012 l
435 3946 483 4011 lm
509 3945 674 4029 fulgentes
690 3953 734 4010 ‘ut
757 3953 808 4011 eat
833 3965 924 4011 sacer
947 3965 1055 4028 agnus
1079 3945 1119 4010 ad
1146 3965 1228 4010 aras,

329 4071 349 4137 ll
374 4070 423 4136 au
450 4072 558 4136 lentus
582 4076 618 4135 ut
642 4073 754 4145 intras
768 4071 919 4154 neglegat
944 4069 1097 4135 hibernas
1116 4073 1216 4152 piscis
1235 4071 1354 4136 adesse
1380 4073 1496 4137 minas,

376 4195 472 4262 Porro
512 4214 611 4277 saepe
652 4197 902 4261 coniunctiones
941 4202 972 4260 et
1009 4214 1099 4277 pron.
1137 4194 1188 4265 rel.
1226 4203 1302 4278 post
1337 4196 1495 4262 adlectiva

269 4307 542 4387 transponuntur;
556 4301 691 4367 verbum
707 4307 815 4367 autem
832 4301 994 4367 interdum
1009 4303 1496 4387 coniunctionessubsequitur.

268 4428 355 4495 Talis
381 4430 478 4512 igitur
502 4445 619 4492 vocum
646 4426 727 4492 ordo
753 4425 909 4492 efficitur:
