3322 5236
845 361 889 427 56

254 574 344 644 Cure.
360 575 426 642 426
461 592 557 641 suam
580 575 609 638 er'
631 573 733 642 veiies
756 577 905 659 gratiam.

254 680 345 767 Epid.
361 682 427 749 185
462 684 554 749 senis
578 683 632 761 qui
655 687 856 749 excenterem
883 685 1119 766 marsuppium.

254 789 341 856 nien.
364 788 431 856 743
464 794 554 857 tuam
579 790 634 868 oui
657 791 785 875 possim
810 791 932 873 perpeti
958 790 1183 874 petulantiam.

254 895 352 963 itere.
364 895 428 962 291
464 915 502 962 ea
524 901 561 959 ur
583 896 712 962 videtur
736 896 859 963 mulier.
909 895 976 963 680
1011 915 1151 980 meoque
1174 902 1210 959 ut
1233 916 1348 979 pareas
1372 907 1484 982 gnato.

254 1002 322 1069 iiiii.
345 1002 431 1070 1221
469 1005 532 1088 ipsi
556 1002 631 1067 dum
655 1002 830 1070 iubitumst
855 1003 944 1070 mihi.

255 1109 431 1178 prosulit
467 1128 570 1177 unum
594 1109 878 1184 ubi‚emeritumst
901 1110 1114 1195 stipendium.

271 1216 367 1285 Persa
390 1216 434 1283 28
468 1222 560 1284 tuom
584 1238 623 1281 rte
644 1216 842 1302 transfigant
867 1217 961 1283 iatus.
1008 1217 1072 1284 374
1105 1236 1179 1284 meo
1202 1219 1231 1281 er·
1254 1217 1347 1284 iiceat
1372 1216 1482 1283 modo.

256 1325 353 1393 Poen.
365 1324 451 1392 1421
487 1324 613 1409 aliquot
635 1330 671 1389 ui
694 1343 830 1392 maneas
855 1323 936 1392 dies.

256 1432 373 1500 Pseud.
389 1432 455 1498 100
491 1451 563 1523 mea
586 1433 615 1496 er·
637 1411 802 1499 commovi
828 1451 929 1499 sacra.

361 1538 426 1606 631
463 1557 569 1606 meam
595 1540 650 1618 qur·
672 1536 816 1606 iureiiies
841 1538 951 1605 iidem.

362 1645 429 1712 830
464 1664 555 1713 meas
580 1647 635 1725 qui
657 1644 845 1713 essitabunt
868 1663 973 1712 escas.

259 1750 340 1821 Rud.
363 1750 406 1818 77
441 1751 515 1819 exui
539 1751 594 1816 ubi
618 1751 744 1819 habitat
767 1770 878 1819 senex.

363 1858 429 1926 506
464 1858 602 1926 sceleste
626 1865 718 1943 parta
743 1861 934 1939 quaerent
958 1858 1057 1925 bona.

311 2022 313 2026 .
365 1964 430 2032 728
465 1985 572 2033 meam
596 1971 632 2030 ut
656 1969 743 2034 scias
768 1969 976 2033 sententiam.

365 2071 452 2140 1364
487 2078 543 2140 tua
567 2089 645 2153 quoe
668 2072 730 2140 iuit
755 2073 926 2140 Palaestra.

258 2178 358 2248 Stich.
381 2178 447 2246 554
483 2199 591 2247 meum
615 2202 654 2245 rra
677 2186 893 2248 contruncent
916 2180 1036 2249 eibum.

257 2285 343 2354 Trin.
366 2286 430 2354 687
467 2293 523 2356 tua
548 2290 602 2368 oui
624 2289 743 2356 toieres
769 2292 908 2356 moenia.

257 2393 349 2462 Truc.
372 2393 438 2461 548
473 2413 547 2463 meo
571 2396 625 2476 qui
647 2395 789 2463 debebat
812 2398 904 2480 patri.
963 2395 1029 2463 789
1052 2414 1125 2463 mea
1150 2412 1238 2476 ouem
1263 2398 1387 2480 peperit
1409 2393 1487 2462 iiiia.

260 2553 345 2622 Enn.
371 2553 403 2635 1)
428 2574 464 2623 sc
488 2556 553 2623 168
588 2562 715 2640 pestem
739 2563 775 2620 ut
800 2558 969 2641 participet
993 2575 1114 2640 parem.

365 2659 398 2745 2)
423 2662 489 2729 302
524 2681 623 2746 rapax
646 2660 701 2726 ubi
723 2662 840 2729 dividit
865 2662 963 2729 unda.

259 2820 339 2890 Ter.
363 2817 397 2903 1)
421 2821 520 2889 Andr.
532 2821 576 2889 23
612 2821 782 2890 malefacta
806 2827 1009 2889 renoscant
1033 2841 1103 2889 sua.

367 2928 432 2995 188
464 2931 611 2996 animum
648 2935 684 2994 ut
718 2929 861 3014 expleret
898 2948 1005 2996 suom.

366 3035 430 3102 831
466 3042 568 3121 gnato
602 3041 638 3100 ut
673 3036 852 3103 medicarer
887 3042 954 3102 tuo.
987 3080 995 3096 .

261 3142 340 3210 Eun.
363 3141 429 3209 466
464 3161 544 3227 pace
567 3144 650 3228 quod
671 3142 731 3210 fiat
754 3149 820 3211 tua.

367 3248 433 3317 703
468 3249 608 3318 airatre
642 3266 721 3330 quoe
754 3255 922 3335 egressast
956 3268 1040 3317 meo.

261 3355 389 3423 Phorm.
412 3355 477 3424 147
502 3357 759 3442 senem'squoad
781 3359 979 3441 exspectatis
1004 3362 1159 3424 vestrum.

275 3463 351 3531 iiec.
373 3463 440 3531 384
475 3468 603 3548 parturn
627 3470 664 3527 ui
687 3463 805 3531 ceiaret
829 3482 936 3530 suom.
983 3463 1048 3529 660
1073 3470 1176 3531 mater
1190 3464 1273 3548 quod
1288 3467 1394 3531 suasit
1418 3483 1490 3531 sua.

367 3570 434 3637 683
468 3573 616 3637 animum
640 3575 676 3634 ur
698 3570 862 3655 'adiungas
885 3577 988 3637 tuom.
1067 3584 1068 3587 ’
1313 3559 1318 3584 ³

283 3675 343 3744 nd.
366 3661 448 3744 257
467 3680 572 3744 virtus
595 3678 672 3762 quin
695 3683 827 3762 superet
851 3696 922 3744 sua.

261 3781 295 3867 2)
319 3784 418 3852 Andr.
442 3784 508 3851 628
544 3803 605 3852 sua
629 3790 664 3849 ui
687 3803 859 3869 compares
883 3785 1067 3852 commoda.

262 3891 341 3959 Eun.
364 3891 431 3959 235
466 3894 569 3977 patria
595 3893 649 3972 qui
671 3892 897 3977 abligurrierat
921 3892 1017 3960 bona.

368 3998 434 4066 710
469 4018 579 4083 parem
604 3999 659 4063 ubi
682 3998 818 4067 referam
842 4003 990 4084 gratiam.

261 4105 438 4173 41361220
473 4125 534 4174 sua
559 4108 612 4186 qur·
636 4091 744 4174 narrat
766 4106 920 4174 facinora.
966 4106 1032 4174 252
1067 4113 1143 4174 tuos
1168 4116 1202 4171 nt
1225 4107 1324 4175 iaciat
1346 4108 1445 4175 iiiius.

368 4213 432 4280 841
470 4212 580 4281 iabore
605 4216 736 4285 inventa
761 4232 833 4281 mea
857 4214 1004 4281 cuidem
1031 4213 1127 4281 bona.

263 4319 390 4387 Phorm.
406 4319 471 4387 502
495 4320 557 4387 aiia
581 4341 650 4384 cum
674 4326 855 4403 occupatus
880 4327 970 4388 esset
992 4320 1178 4388 formidine.

369 4426 433 4495 621
470 4445 544 4494 cum
570 4426 731 4504 bonalui
755 4445 996 4512 componamus
1020 4430 1132 4513 gratia.
1249 4434 1251 4436 ’
