3360 5236
699 378 911 477 Q

187 591 289 675 Prop.
314 592 322 656 Ι
347 593 396 657 bu
432 600 501 658 tum
526 591 583 657 tibi
608 593 706 676 siqua
726 596 792 671 mei
819 596 927 660 veniet
952 612 1017 661 non
1043 595 1217 658 immemor
1241 593 1329 659 hora.
1360 677 1361 680 Ἴ

233 698 252 763 ll
293 699 361 763 1531
389 699 477 783 quod
504 700 581 765 mibi
606 701 640 766 si
661 719 773 766 secum
799 700 881 767 tales
910 698 1088 766 concedere
1114 704 1229 766 noctes
1254 699 1306 765 illa
1331 698 1417 770 velit.

296 806 366 872 30³⁷
394 807 445 872 bic
470 805 527 872 udi
549 814 579 872 te
606 810 708 890 prima
734 813 879 874 statuent
905 810 936 873 in
963 813 1062 890 parte.
1322 815 1324 819 ’

294 914 365 980 &ln
394 914 455 979 boc
479 933 541 998 ego
565 932 631 999 quo
655 914 713 980 tibi
741 934 826 980 nunc
851 914 968 981 elevor.

187 1055 234 1121 Pl.
260 1057 375 1139 llmpb.
399 1057 465 1122 945
489 1076 600 1123 verum
626 1058 740 1124 e'adem
765 1058 799 1123 sr'
821 1058 925 1142 isdem
952 1075 1074 1141 purgas
1099 1058 1152 1123 mi.

187 1161 276 1245 Capt.
292 1163 357 1228 359
393 1164 479 1229 nunc
504 1172 537 1229 tu
564 1164 653 1230 illum
678 1164 711 1230 si
734 1164 816 1230 illo's
842 1167 1016 1229 missurus.

293 1270 358 1335 941)
395 1271 452 1352 pro
477 1270 657 1337 benefactis
682 1275 754 1337 eius
780 1278 816 1336 ui
837 1273 865 1336 ei
892 1272 1030 1354 pretium
1057 1271 1184 1352 possim
1210 1269 1354 1337 reddere.

120 1455 122 1457 ,
187 1376 284 1442 ntost.
319 1377 359 1442 14
395 1379 546 1443 comesse
570 1397 768 1462 quemquam
796 1385 831 1443 ut
853 1380 1029 1462 quisquam
1062 1376 1234 1444 absentem
1261 1380 1418 1460 possiem.

293 1485 358 1550 932
395 1485 481 1550 bunc
506 1491 542 1549 ut
564 1485 639 1551 binc
664 1488 854 1551 amoverim.
1468 1466 1470 1471 ¹

188 1591 302 1657 Pseud.
329 1592 393 1658 150
428 1591 575 1658 uiliciurn
601 1597 749 1658 vostrum
776 1599 813 1658 ut
834 1611 895 1657 vos
920 1592 1007 1660 malo
1025 1594 1153 1675 cogatis
1171 1594 1418 1658 commonerier.

186 1713 314 1783 Catuli.
329 1718 415 1783 68159
443 1724 474 1782 et
499 1718 594 1801 longe
618 1724 693 1783 ante
718 1735 835 1782 omnes
862 1717 939 1782 mibi
957 1734 1043 1800 quae
1059 1736 1113 1807 me
1133 1718 1237 1782 carior
1261 1719 1335 1799 ipso
1358 1721 1418 1783 est·

97 1896 101 1903 .
186 1839 291 1925 Verg.
316 1842 324 1906 Ι
350 1842 391 1907 17
427 1848 481 1906 tua
506 1842 540 1907 si
561 1842 619 1907 tibi
645 1842 795 1908 illaenala
821 1860 926 1907 curae.

232 1947 252 2013 ll
291 1948 334 2013 47
360 1954 478 2031 sponte
503 1969 563 2014 sua
587 1967 733 2032 quaese
757 1948 876 2015 tollunt
901 1951 932 2013 in
959 1949 1093 2026 luminis
1118 1966 1183 2013 ora.

293 2111 460 2166 adnotatio:
498 2112 558 2166 lloc
585 2113 646 2166 loco
675 2115 794 2166 inserere
815 2113 880 2167 rnilri
908 2113 987 2166 liceat
1014 2112 1131 2165 similem
1152 2112 1291 2179 quandam
1317 2127 1416 2165 vocum

187 2202 407 2265 collocationem,
428 2218 481 2269 qua
502 2204 662 2256 coniunctio
674 2210 699 2255 et
714 2218 867 2270 pronomen
881 2202 1026 2255 reiatnum
1041 2200 1150 2254 duabus
1165 2201 1283 2255 vocibus
1294 2201 1416 2255 eiusdem

187 2290 229 2344 vel
251 2292 345 2357 stirpis
366 2291 409 2343 vel
431 2292 554 2344 notionis
575 2293 739 2359 cinguntur:

188 2397 274 2451 Plauti
295 2396 355 2451 rlul.
376 2398 427 2450 162
457 2405 522 2464 post
542 2399 660 2451 mediam
681 2404 799 2451 aetatem
820 2399 870 2466 qui
888 2397 977 2451 media
999 2396 1075 2450 ducit
1095 2411 1218 2450 uxorem.

188 2487 255 2541 Rud.
275 2488 327 2541 939
348 2503 411 2541 narn
433 2489 515 2541 bonis
534 2487 610 2555 quod
628 2488 697 2541 bene
717 2486 757 2541 lit.

187 2576 271 2631 Stich.
294 2579 328 2629 10
651 2578 730 2630 unice
749 2577 799 2645 qui
816 2591 889 2630 unus

364 2666 473 2718 civibus
494 2681 525 2717 ex
546 2666 677 2718 omnibus
698 2666 802 2731 probus
823 2665 990 2731 perhibetur.

187 2752 308 2807 ntosteb.
330 2754 380 2806 168
410 2755 534 2807 moribus
554 2755 653 2820 lepidis
672 2770 754 2822 quom
774 2755 864 2822 lepida
885 2760 943 2807 tute
963 2748 1002 2808 e's.

187 2842 260 2895 lucr.
282 2842 288 2894 l
309 2843 361 2895 437
614 2843 686 2896 nulla
707 2843 741 2896 de
760 2850 837 2910 parte
856 2842 932 2910 quod
951 2843 1032 2896 ullam

401 2947 456 2985 rern
477 2931 623 2998 probibere
643 2938 726 2999 queat
747 2947 795 2999 per
814 2947 843 2984 se
864 2932 982 2984 transire
1002 2937 1148 2984 meantem.

241 3021 259 3074 ll
297 3021 349 3074 287
378 3021 412 3073 de
433 3021 488 3073 nilo
507 3021 639 3088 quonium
659 3019 718 3074 lieri
741 3020 777 3074 nil
800 3036 883 3088 posse
904 3021 1042 3073 videmus.

293 3110 346 3163 790
375 3110 484 3172 occidit,
506 3125 537 3162 ex
559 3109 629 3162 albis
648 3111 779 3178 quoniam
801 3125 855 3163 non
877 3110 938 3163 alba
960 3116 1095 3163 creantur.

292 3200 344 3252 902
374 3199 472 3252 deinde
492 3214 524 3251 ex
546 3198 695 3251 sensilibus
715 3201 765 3266 qui
783 3199 884 3252 sensile
905 3214 989 3266 posse
1009 3200 1104 3251 creari.

222 3289 243 3340 V
282 3290 350 3342 1074
377 3291 447 3342 inter
467 3304 552 3356 equas
572 3288 621 3342 ubi
638 3305 725 3356 equus
746 3288 856 3341 llorenti
877 3295 967 3342 aetate
988 3289 1131 3341 iuvencus.

222 3379 254 3432 Vl
300 3380 352 3432 914
382 3395 453 3432 unus
473 3378 522 3432 ubi
539 3394 571 3431 ex
593 3393 648 3431 uno
668 3378 804 3444 dependet
826 3378 921 3430 subter
940 3377 1104 3430 adhaerens.

276 3471 344 3521 1215
374 3469 514 3536 multaque
535 3468 608 3520 bumi
630 3482 690 3521 curn
711 3467 853 3520 inburnata
875 3469 1005 3520 iacerent.

186 3557 281 3611 llorat.
303 3558 321 3611 ll
341 3560 395 3618 31oe
423 3559 496 3610 litem
517 3557 593 3625 quod
611 3557 657 3609 lite
677 3556 800 3609 resolvit.

294 3696 333 3762 Ut
357 3699 619 3779 praepositiones
638 3714 888 3779 nonnumquam
907 3715 924 3760 a
944 3699 1050 3778 poetis
1065 3695 1188 3761 latinis
1205 3695 1417 3762 substantivo

187 3810 441 3887 postponuntur,
482 3807 508 3869 si
549 3804 685 3869 alterum
726 3803 973 3868 substantivum
1011 3802 1168 3886 particula
1204 3804 1416 3869 coniunctum

186 3913 335 3995 sequitur
359 3907 456 3991 (coni.
483 3911 569 3977 lucr.
595 3911 632 3975 Vl
659 3911 745 3975 1160
775 3916 903 3976 noctem
926 3928 988 3994 per
1010 3929 1110 3994 saepe
1135 3910 1297 3993 diemque,
1322 3908 1417 3993 Verg.

185 4037 295 4103 georg.
321 4017 352 4082 lll
378 4017 443 4083 276
474 4037 553 4083 saxa
582 4036 644 4102 per
672 4024 704 4082 et
740 4018 897 4100 scopulos
921 4016 1031 4083 llorat.
1055 4019 1142 4099 epist
1167 4015 1176 4082 l
1200 4015 1249 4082 412
1281 4018 1417 4083 timores

186 4128 271 4192 inter
293 4132 323 4190 et
349 4124 434 4207 iras),
461 4128 503 4191 ita
528 4127 778 4191 coniunctiones
803 4142 935 4207 quoque
968 4129 1000 4190 et
1032 4141 1213 4206 pronomen
1245 4124 1416 4203 relativum

187 4230 360 4296 interduo
393 4231 535 4309 nomina,
568 4248 652 4312 quae
688 4227 855 4310 particulis
891 4227 1088 4311 copulativis
1124 4226 1173 4292 vel
1207 4226 1416 4295 disiunctivis

185 4340 360 4403 coniuncta
385 4341 482 4419 atque
507 4336 623 4402 eodem
649 4354 727 4401 casu
755 4337 941 4417 pronutiata
967 4339 1046 4400 sunt
1077 4339 1134 4400 aot
1159 4333 1332 4401 interduo
1357 4334 1417 4401 ad-

186 4444 296 4511 verbia
323 4444 373 4509 bis
399 4443 566 4525 particulis
592 4445 766 4510 coniuncta
791 4441 1000 4508 collocantur.
