3360 5236
669 379 882 482 „133-

162 599 243 665 mor.
267 599 325 664 *58
359 599 513 663 traiectus
543 597 685 663 medium
718 605 830 682 sparto
860 599 922 665 sed
955 619 1072 665 caseus
1109 601 1221 667 orbem

376 758 382 771 .
407 758 413 770 .
438 757 444 769 .
469 704 641 788 pendebat.

290 814 333 879 63
369 815 488 896 exiguo
514 815 631 895 spatio
656 815 755 878 variis
778 813 841 879 sed
861 812 976 879 fertilis
1002 814 1122 880 herbis.

182 939 247 1007 Cat.
303 940 324 1005 9
360 957 462 1021 pauca
488 937 575 1016 mihi,
601 940 697 1003 niveo
720 937 870 1004 sednon
896 941 1062 1022 incognita
1088 939 1229 1007 Phoebo.

159 1065 282 1132 floret.
307 1065 401 1147 epist.
427 1061 446 1127 ΙΙ
474 1062 520 1131 lm
558 1069 670 1127 nostra
695 1062 758 1127 sed
780 1065 960 1145 impugnat.

289 1169 336 1240 233
374 1169 454 1235 dura
478 1168 540 1235 sed
560 1188 710 1235 emovere
736 1169 807 1234 loco
833 1189 884 1235 me
909 1177 1056 1253 tempora
1082 1179 1182 1253 grato.

159 1299 256 1347 carm.
281 1278 320 1343 tV
344 1278 392 1343 433
431 1277 578 1342 doctrina
602 1276 665 1342 sed
686 1279 751 1341 vim
778 1284 949 1360 promovet
974 1280 1116 1343 insitam.

159 1386 260 1453 Aetna
287 1385 328 1450 12
353 1402 462 1451 annua
486 1383 549 1449 sed
570 1390 700 1449 saturae
725 1384 925 1466 complerent
950 1384 1063 1451 horrea
1090 1405 1228 1452 messes.

158 1510 234 1577 Tib.
259 1512 267 1576 Ι
292 1511 340 1580 733
366 1508 440 1575 fusa
464 1508 526 1575 sed
546 1509 587 1573 ad
613 1514 745 1574 teneros
770 1509 855 1575 lutea
881 1510 964 1592 palla
990 1510 1100 1592 pedeS.

287 1618 334 1683 8m
361 1616 473 1683 subito
496 1616 558 1681 sed
581 1614 704 1698 perfida
728 1615 818 1681 talto.

214 1725 234 1791 ΙΙ
304 1725 337 1790 43
364 1726 532 1790 servitium
557 1722 620 1789 sed
640 1726 731 1789 triste
757 1722 860 1789 datur.

157 1850 364 1934 Prop.1411
394 1849 473 1915 haec
496 1849 558 1915 sed
579 1848 683 1915 forma
711 1853 773 1915 mei
800 1869 875 1932 pars
901 1816 951 1916 est
976 1858 1118 1917 extrema
1144 1852 1277 1918 doloris,

157 1973 262 2059 Verg.
286 1975 364 2041 Aen.
389 1975 431 2039 *V
456 1976 476 2039 5
512 1974 582 2040 duri
610 1994 731 2058 magno
755 1975 818 2041 sed
839 1993 950 2041 amore
974 1976 1116 2042 dotores.

209 2100 217 2165 Ι
287 2101 330 2165 19
354 2103 543 2184 progeniem
568 2099 630 2165 sed
651 2099 737 2165 enlm
761 2099 902 2165 Troiano
927 2118 944 2164 a
970 2104 1132 2183 sanguine
1158 2102 1241 2169 duci.

203 2207 223 2272 ΙΙ
274 2207 336 2272 164
360 2207 502 2289 Tydides
526 2207 694 2273 sedenim
719 2207 945 2290 scelerumque
971 2209 1122 2274 inventor
1146 2207 1279 2275 Ulixess

190 2313 244 2379 *Vt
291 2315 334 2379 28
360 2334 515 2397 magnum
543 2316 672 2396 reginae
695 2312 865 2379 sedenim
891 2315 1066 2380 miseratus
1091 2334 1246 2382 amorem.
