3322 5236
803 360 844 431 13

718 455 928 463 ——-——

311 573 354 645 78
379 578 486 661 patres
511 585 547 643 ut
569 588 826 646 consueverunt:
851 600 912 664 ego
938 584 1031 647 mitto
1057 586 1168 649 omnia
1194 584 1284 651 haec.

309 687 353 778 83
377 688 473 769 cupio
497 686 572 752 e'sse
596 689 720 752 amicae
743 686 835 770 quod
855 687 909 753 det
933 695 1104 771 argentum
1131 710 1222 757 suae.

310 794 375 859 103
408 792 554 876 perficito
594 801 764 877 argentum
801 795 899 861 hodie
935 802 971 862 ut
1005 795 1123 863 babeat
1160 797 1260 879 111165,
1305 800 1430 867 amicae

204 902 294 984 quod
315 902 378 968 det

309 1009 373 1076 164
397 1009 490 1075 56165
513 1009 547 1074 si
568 1009 707 1088 ductem,
732 1008 847 1075 reterre
872 1012 1008 1093 gratiam
1036 1030 1216 1095 numquam
1244 1019 1351 1096 potes.

308 1117 372 1183 185
396 1136 433 1183 se
457 1122 493 1181 ut
514 1133 613 1198 quom
638 1116 746 1181 videat
769 1117 920 1200 gaudeat.

307 1224 372 1289 190
396 1242 455 1289 nec
486 1242 594 1288 meum
627 1223 759 1307 quidem
792 1223 917 1306 edepol,
949 1224 989 1289 ad
1022 1231 1052 1290 te
1084 1231 1119 1290 ut
1150 1229 1275 1292 mittam
1301 1232 1428 1312 gratiis.

306 1331 371 1398 219
395 1330 495 1397 semei
519 1330 553 1395 si
574 1337 687 1412 captae
712 1338 799 1408 sunt,
826 1351 892 1396 rem
918 1332 1051 1397 soivunt
1078 1336 1209 1416 aucupi.

305 1439 370 1504 225
394 1437 522 1504 savium
546 1437 580 1502 si
602 1439 753 1520 sumpsit,
778 1457 907 1504 sumere
932 1457 1006 1504 eum
1033 1439 1106 1505 iicet
1130 1444 1203 1506 sine
1228 1442 1362 1508 retibus.

305 1545 370 1611 226
396 1548 426 1610 in
453 1544 530 1609 iudo
553 1544 613 1627 qui
634 1542 724 1609 iuisti
751 1551 817 1609 tam
844 1544 911 1610 diu.

304 1652 369 1718 228
393 1653 535 1718 remeato
560 1650 721 1730 audacter,
746 1652 928 1717 mercedem
953 1653 987 1718 51
1009 1655 1073 1718 eris
1100 1661 1229 1720 nactus.

238 1810 240 1814 2
303 1760 368 1826 235
393 1765 583 1842 perpetuom
609 1777 732 1823 annum
758 1758 845 1823 bunc
871 1759 948 1824 mihi
975 1759 1024 1824 uti
1046 1762 1177 1826 serviat.

302 1867 367 1934 237
392 1867 481 1933 domi
506 1868 590 1931 servi
614 1864 674 1949 qui
696 1872 774 1931 sunt
798 1865 950 1932 castrabo
978 1869 1077 1933 viros.

302 1974 366 2040 252
390 1976 488 2057 igitur
512 1972 710 2038 inveniendo
734 1979 869 2056 argento
895 1972 1096 2057 attingeres
1121 1974 1295 2042 iaiiaciam.

221 2152 225 2159 ,
301 2080 366 2147 274
392 2080 548 2146 Libanum
573 2079 607 2145 51
628 2082 823 2145 conveniam
853 2080 961 2147 modo.

300 2188 367 2255 303
390 2187 430 2252 aid
454 2186 555 2270 pedes
575 2185 707 2269 quondo
723 2186 937 2270 adiigatumst
953 2205 1095 2272 aequom
1113 2190 1422 2271 centumpondium.

300 2296 365 2362 316
390 2295 539 2361 hariolari
564 2312 649 2376 quoe
672 2300 876 2378 occeperunt,
902 2295 964 2360 sibi
990 2313 1065 2360 esse
1091 2299 1121 2360 in
1142 2296 1267 2362 mundo
1287 2298 1424 2365 malum.

299 2403 364 2470 324
388 2402 513 2468 idrtiter
545 2402 664 2466 maium
689 2402 748 2483 qui
771 2404 898 2484 patitur,
923 2401 1008 2467 idem
1035 2410 1111 2483 post
1141 2407 1263 2485 potitur
1287 2405 1422 2472 bonum.

299 2510 364 2576 343
388 2510 499 2594 ve'rum
526 2511 557 2573 in
583 2510 744 2573 tonstrina
770 2515 806 2573 ut
829 2508 1002 2574 sedebam.

298 2616 363 2683 382
388 2615 606 2682 Demaenetus
631 2615 684 2677 ubi
707 2615 824 2680 dicitur
849 2614 1007 2681 habitare.

297 2724 363 2790 386
388 2723 565 2806 propterea,
590 2721 653 2787 huc
677 2724 751 2805 quio
775 2721 922 2788 habebas
948 2725 1017 2788 iter.

297 2830 360 2898 301
386 2829 512 2907 ciamait,
536 2829 647 2912 procui
671 2831 787 2912 siquem
834 2829 922 2895 videt
948 2831 1000 2896 ire.

296 2938 362 3004 408
387 2936 543 3002 Libanum
570 2936 601 3001 in
626 2938 823 3001 tonstrinam
850 2942 882 2998 ut
908 2939 1068 3001 iusseram
1094 2940 1216 3004 venire.

295 3045 360 3110 432
386 3062 457 3109 mea
482 3046 640 3108 causant
665 3045 785 3108 mittas,

295 3151 360 3217 462
385 3149 543 3237 suasisse,
568 3148 631 3214 sibi
656 3168 694 3213 ne
718 3148 875 3215 crederes,

295 3259 359 3324 460
384 3258 545 3323 molestus
569 3278 607 3318 ne
631 3258 678 3320 sis
698 3284 738 3305 =
756 3255 824 3321 1161.
841 3256 915 3334 458,
940 3256 1027 3322 nen.
1048 3256 1122 3335 250,
1148 3257 1318 3337 11165174,
1342 3258 1417 3338 601,

189 3365 261 3444 771,
284 3364 358 3443 877,
382 3364 456 3443 886,
482 3364 596 3428 Pseud.
619 3363 695 3443 880,
721 3363 801 3430 Rud.
827 3363 922 3441 1030,
946 3362 1070 3429 Terent.
1097 3362 1228 3430 Phorm.
1252 3364 1326 3431 635.

293 3490 358 3556 470
383 3496 417 3555 ut
437 3487 582 3572 vapules
608 3488 841 3554 Demaenetum
865 3489 997 3550 simulne
1021 3507 1224 3572 conspexero
1249 3489 1357 3556 hodie.

292 3614 358 3680 486
382 3633 448 3699 quo
472 3632 582 3693 vocaS,
607 3612 798 3678 iamdudum
824 3634 882 3696 quo
907 3612 1058 3678 volebas.

292 3738 357 3805 507
383 3742 474 3805 matri
499 3762 557 3822 quo
577 3743 670 3821 puato
695 3740 864 3821 praecipis

292 3864 451 3930 5195613
476 3882 538 3947 ego
564 3866 594 3928 in
620 3865 756 3929 casteria
782 3861 835 3925 ubi
851 3865 997 3947 quiesc0,
1023 3865 1134 3927 omnis
1151 3861 1295 3929 iamiiiae
1312 3882 1413 3932 causa

186 3975 339 4040 consistit
362 3970 430 4038 tibi.

291 4098 356 4162 563
390 4096 443 4161 661
471 4096 602 4179 parietis
627 4093 817 4178 perfoderis
842 4097 874 4159 in
899 4093 986 4159 furto
1012 4093 1064 4156 ubi
1088 4097 1136 4160 sis
1161 4094 1375 4178 praebensus.

290 4222 356 4288 572
390 4220 454 4303 ubi,
479 4222 635 4287 creditum
661 4220 743 4304 qumi
766 4222 808 4285 sit
833 4219 901 4300 tibi,
926 4219 1037 4285 datum
1064 4238 1139 4285 esse
1164 4224 1361 4304 pernegaris.

290 4349 356 4414 600
389 4347 478 4430 leges
502 4354 536 4408 ru
560 4346 755 4425 conscribat,
779 4344 900 4429 quibus
927 4364 962 4411 se
988 4345 1130 4427 populus
1154 4351 1272 4411 teneat.

292 4473 356 4538 706
389 4473 516 4538 tolutim
542 4473 576 4533 ui
600 4472 743 4537 badizas
