3360 5236
774 334 816 402 87

286 548 351 615 304
600 550 694 616 viridi
719 571 805 634 quem
831 553 975 635 caespite
1001 553 1131 618 inanem

393 660 425 722 et
447 659 598 740 geminas
621 709 628 722 .
652 709 659 723 .
683 709 690 722 .
715 662 883 724 sacraveat
906 676 989 724 aras.

285 761 351 828 473
386 762 479 829 tieret
503 769 602 830 vento
628 783 718 830 mora
742 786 780 827 ne
804 783 867 849 qua
893 764 1019 831 terenti.

285 870 351 935 655
386 889 519 937 summo
542 891 611 934 cnm
636 878 747 937 monte
772 871 924 938 videmus
950 874 1059 954 ipsum
1086 875 1169 939 inter
1192 872 1346 956 pecudes.

202 994 242 1060 iV
287 995 352 1061 100
388 995 501 1076 habes,
525 1001 591 1062 tota
616 995 699 1078 quod
722 1002 830 1063 mente
855 998 975 1081 petisti.

284 1102 350 1168 432
387 1120 445 1168 nec
471 1102 606 1184 puicbro
629 1109 664 1165 ui
689 1103 777 1169 tatio
802 1108 909 1169 careat
933 1120 1137 1187 regnumque
1162 1102 1332 1187 relinquat

285 1209 352 1275 459
387 1211 469 1275 miro
492 1208 575 1292 priori
598 1209 723 1275 bonore
748 1208 886 1276 colebat.

285 1316 348 1382 681
387 1318 434 1383 sic
458 1322 490 1383 te
512 1322 547 1379 ut
572 1319 689 1398 posita,
713 1317 863 1396 crudetis,
887 1317 1068 1383 abessem.v

224 1441 252 1507 V
288 1441 352 1507 190
386 1440 500 1507 Troiae
523 1461 598 1524 qum
621 1447 709 1507 sorte
734 1460 888 1525 suprema
913 1441 1028 1527 delegi.

285 1548 350 1614 325
386 1550 492 1632 spatia
517 1554 548 1613 et
570 1549 599 1610 ci
623 1547 713 1630 plura
738 1550 915 1631 supersint.
1037 1628 1039 1632 .

285 1655 351 1722 328
549 1654 609 1720 levi
634 1676 703 1717 cnm
728 1657 891 1739 sanguine
916 1654 1017 1722 Nisus

393 1762 513 1828 labitur
533 1760 655 1841 inieiix,
680 1765 787 1828 caesis
812 1769 846 1826 ut
870 1761 955 1829 iorte
981 1765 1128 1829 iuvencis

391 1868 488 1935 iusus
514 1867 650 1934 humum
675 1868 863 1953 viridesque
888 1887 988 1952 super
1016 1869 1234 1937 madefecerat
1257 1869 1387 1937 herbas.

285 1977 351 2041 858
386 1980 418 2042 et
442 1974 739 2059 superincumbens
764 1997 833 2039 oum
858 1979 979 2060 puppis
1005 1982 1094 2060 parte
1119 1977 1248 2043 revulsa

393 2136 430 2149 ..
456 2136 462 2149 .
487 2085 622 2166 proiecit
648 2085 679 2148 in
706 2083 813 2149 undas
840 2086 1058 2168 praecipitem.

212 2209 251 2276 Vi
312 2209 350 2274 11
516 2226 669 2291 magnam
694 2209 745 2270 eui
769 2217 911 2275 mentem
937 2210 1150 2292 animumque
1259 2288 1262 2294 ,

393 2315 504 2381 Delius
530 2317 668 2398 inspirat
692 2319 794 2380 vates.
1107 2303 1110 2308 ’

286 2421 352 2488 190
600 2423 751 2505 geminae
775 2442 845 2484 cnm
868 2420 952 2488 iorte
977 2421 1150 2488 columbae

394 2532 465 2612 ipsa
491 2528 554 2594 sub
579 2547 635 2594 ora
660 2531 717 2593 viri
744 2528 834 2594 caelo
859 2547 977 2594 venere
1001 2528 1161 2595 volantes.

286 2636 349 2703 371
387 2635 526 2702 sedibus
550 2641 584 2698 nt
608 2635 724 2702 saitem
751 2634 889 2719 placidis
914 2637 945 2700 in
973 2640 1077 2702 morte
1101 2637 1279 2719 quiescam.

285 2743 351 2809 473
386 2745 529 2810 coniunx
552 2742 608 2805 ubi
631 2744 790 2825 pristinus
816 2741 858 2807 iiii
885 2742 1064 2826 respondet
1087 2744 1183 2809 curis.

286 2849 351 2915 553
386 2851 437 2914 vis
461 2855 496 2912 ui
520 2848 608 2914 nulia
632 2851 747 2928 virum,
772 2866 838 2914 non
865 2850 927 2931 ipsi
953 2848 1143 2915 exscindere
1167 2846 1253 2914 beiio

393 2955 566 3022 caelicolae
591 2955 729 3021 valeant

286 3064 351 3130 596
387 3081 443 3146 per
466 3067 534 3129 tota
560 3080 678 3128 novem
703 3063 753 3124 cni
777 3065 888 3145 iugera
913 3079 1033 3145 corpus
1059 3063 1240 3145 porrigitur.

286 3170 352 3237 778
388 3169 537 3236 Assaraci
563 3186 650 3247 quern
676 3171 850 3252 sanguinis
873 3167 939 3234 <iiia
965 3173 1067 3234 mater
1090 3167 1215 3234 educet.

202 3296 253 3362 1111
288 3294 354 3361 427
391 3293 518 3378 placida
541 3314 610 3356 cum
636 3299 731 3359 nocte
757 3296 887 3359 iaceres.

284 3402 350 3468 494
385 3400 488 3467 fluvio
512 3421 581 3463 cum
602 3399 687 3483 forte
710 3398 858 3465 secundo
883 3397 1050 3465 detineret.

285 3509 350 3576 509
386 3505 605 3592 quadrifidam
631 3523 786 3590 quercum
804 3509 918 3572 cuneis
936 3511 970 3568 ut
985 3504 1070 3588 forte
1086 3508 1209 3572 coactis
1228 3504 1409 3575 scindebat.
1513 3515 1519 3525 ·

284 3617 351 3682 540
386 3621 484 3699 atque
508 3633 545 3680 ea
574 3632 630 3697 per
653 3631 790 3696 campos
814 3632 921 3697 aequo
945 3612 1020 3676 dum
1044 3612 1149 3680 itiarte
1172 3619 1338 3697 geruntur.

286 3722 351 3789 719
386 3740 507 3788 saevus
531 3721 587 3784 ubi
609 3718 709 3786 Orion
735 3719 882 3785 bibernis
906 3719 1060 3785 conditur
1083 3719 1192 3785 undis.

286 3829 351 3897 777
386 3831 528 3912 exigeret
552 3846 715 3910 versoque
740 3826 795 3889 ubi
819 3829 952 3893 nomine
978 3826 1111 3893 Virbius
1135 3831 1233 3893 esset.

204 3973 267 4041 Viii
315 3973 358 4039 62
394 3991 455 4056 ego
473 3991 558 4052 sum,
583 3970 681 4054 pleno
698 3987 786 4050 quern
802 3969 940 4036 fiumine
953 3972 1060 4036 cernis
1078 3971 1293 4054 stringentem
1311 3970 1409 4053 ripas.

286 4080 353 4146 129
387 4080 535 4145 Danaum
560 4078 642 4162 quod
667 4077 782 4144 ductor
806 4081 837 4142 et
861 4076 970 4143 Arcas.

287 4188 350 4255 141
387 4185 466 4254 caeii
492 4188 546 4266 qtti
569 4185 676 4253 sidera
701 4185 793 4251 tollit.

286 4295 351 4361 194
387 4292 618 4361 semihominis
643 4292 714 4360 Caci
740 4292 842 4358 iacies
866 4308 959 4371 quom
984 4291 1053 4358 dira
1077 4289 1219 4365 tenebat.

286 4402 352 4474 396
387 4401 506 4472 similis
529 4402 557 4464 ei
580 4419 656 4471 cura
680 4399 808 4468 fuisset.
