3360 5236
806 373 1016 471 -o-

429 589 471 654 76
507 588 636 654 Poenus
660 587 738 653 dum
763 588 859 654 iudex
885 592 955 655 siet.

405 696 471 762 223
505 694 546 761 fei
572 695 664 779 quod
684 702 874 777 arnarumst,
901 697 931 762 id
958 697 1019 762 mei
1044 696 1148 763 faciet.

404 804 467 869 331
506 803 592 868 umis
618 803 675 868 tibi
702 802 753 868 hic
778 802 855 868 dum
882 807 1041 887 propitius
1067 806 1110 870 sit
1134 804 1293 887 iuppiter.

297 911 387 994 Epiri.
411 911 474 976 361
512 911 693 977 adveniens
719 910 807 975 domi
834 911 997 993 extempio
1023 918 1058 976 ut
1082 914 1218 977 maritus
1243 910 1316 978 iias.

297 1018 382 1084 rnen.
407 1018 472 1084 788
508 1020 661 1101 quotiens
687 1021 866 1083 monstravi
893 1019 961 1098 tibi,
985 1022 1054 1084 viro
1079 1025 1114 1084 ut
1139 1038 1261 1086 morem
1287 1040 1391 1103 geras.

296 1125 362 1191 utu.
387 1124 451 1192 747
487 1126 564 1190 mibi
591 1124 681 1207 quod
702 1125 802 1208 voiup
827 1132 886 1191 est.

295 1232 395 1298 most.
419 1233 484 1298 955
520 1239 552 1297 tu
578 1249 619 1296 ne
643 1231 822 1297 molestu's.
1223 1289 1228 1300 .

297 1340 391 1405 Persa
416 1339 481 1404 264
517 1340 572 1404 diu
596 1357 662 1422 quo
687 1338 770 1404 bene
795 1342 863 1418 erit,
888 1339 940 1405 die
966 1359 1032 1404 uno
1057 1340 1238 1406 absolvam.

295 1446 411 1512 Pseud.
436 1447 501 1511 142
536 1465 623 1512 nunc
647 1445 730 1511 adeo
756 1446 839 1511 trane
864 1447 1059 1513 edictionem
1085 1443 1153 1513 uisi
1166 1452 1312 1513 animum
1331 1447 1519 1514 advortetis.

427 1552 493 1618 444
527 1553 589 1618 iiiic
614 1559 664 1618 est
690 1558 787 1635 pater,
813 1558 935 1636 patrem
962 1572 1036 1619 esse
1062 1561 1096 1619 ut
1119 1566 1293 1638 aequomst
1317 1554 1395 1620 fiiio.

293 1660 383 1727 Truc.
409 1660 471 1727 771
510 1679 603 1726 meus
627 1661 687 1742 qui
708 1659 829 1725 adfinis
853 1660 923 1726 fuit.

422 1768 487 1834 674
523 1768 620 1851 atque
645 1786 706 1850 ego
732 1787 818 1834 nunc
844 1788 894 1834 me
920 1775 955 1833 ut
977 1769 1158 1851 gloriosum
1184 1768 1310 1834 faciam.

294 1876 374 1943 Rud.
422 1874 507 1940 1217
544 1875 641 1940 hodie
667 1881 702 1940 ut
725 1874 805 1940 iiber
828 1878 901 1940 sim.
1038 1872 1043 1879 '

292 1983 391 2050 Stictr.
437 1983 482 2048 99
516 1983 623 2047 bonas
648 1988 683 2046 ut
705 1989 880 2065 aequomst
904 1981 1009 2047 iacere
1034 1981 1150 2048 facitis.

291 2091 375 2157 frin.
413 2091 478 2155 644
513 2089 628 2154 honori
655 2095 859 2171 posterorum
886 2097 1015 2155 tuorum
1041 2097 1076 2155 ut
1099 2090 1218 2156 vindex
1242 2089 1349 2156 fieres

289 2198 357 2265 Ter.
381 2197 463 2263 And.
487 2197 551 2263 705
587 2196 657 2262 dies
682 2196 733 2262 tric
759 2196 836 2261 mitri
863 2203 897 2261 ut
920 2200 1003 2261 satis
1028 2200 1071 2261 sit
1095 2216 1215 2262 vereor.

398 2305 524 2371 Pirorm.
548 2302 612 2368 734
649 2306 768 2369 interea
794 2307 859 2368 vita
884 2307 974 2368 utin
1000 2311 1071 2369 tuto
1096 2303 1186 2370 foret.

290 2413 400 2496 iiecyr.
427 2411 491 2480 739
527 2430 601 2476 nam
627 2410 657 2475 si
680 2409 762 2476 facis
785 2409 952 2476 facturave
977 2430 1022 2491 es,
1040 2411 1146 2476 bonas
1163 2411 1254 2494 quod
1276 2431 1333 2494 par
1349 2418 1408 2477 est.

397 2519 462 2585 769
498 2537 577 2601 puer
601 2523 635 2582 ut
659 2523 750 2582 satur
774 2519 817 2581 sit
840 2516 948 2583 facito

357 2626 374 2692 1.
399 2625 463 2691 266
499 2628 625 2690 semine
649 2624 780 2708 quondo
805 2643 890 2707 opus
915 2631 966 2690 est
991 2624 1097 2690 rebus

291 2735 377 2800 tucr.
402 2733 441 2798 iV
466 2732 530 2797 634
566 2732 640 2797 aiiis
663 2730 754 2815 quod
774 2734 865 2796 triste
890 2738 921 2796 et
945 2737 1135 2797 amarumst.

389 2840 475 2906 1242
510 2846 607 2905 tenue
633 2839 713 2904 iocis
742 2839 822 2921 quio
853 2856 918 2902 non
952 2841 1039 2921 potis
1071 2847 1121 2904 est
1153 2838 1296 2922 adfigere
1321 2840 1513 2905 adhaesum.

349 3010 352 3017 .
396 2946 482 3012 1276
519 2948 589 3029 ipsa
614 2948 692 3010 viris
717 2944 831 3009 Venus
856 2951 891 3009 ut
914 2947 1104 3010 concinnior
1128 2953 1225 3011 esset.

286 3055 355 3121 Tib.
381 3055 398 3120 1.
424 3056 492 3122 lOrs
531 3053 588 3118 sed
616 3051 771 3116 manibus
796 3051 856 3134 qui
878 3070 999 3116 saevus
1024 3054 1091 3117 erit.

288 3163 381 3246 Verg.
406 3162 483 3227 Aen.
507 3158 568 3224 Vii.
593 3159 657 3224 653
695 3161 809 3241 patriis
833 3158 892 3241 qui
915 3159 1028 3223 laetior
1052 3165 1141 3224 esset
1154 3163 1168 3233 4
1182 3162 1337 3242 imperiis.
1392 3203 1394 3209 -

394 3269 418 3334 X
442 3266 505 3333 641
544 3272 646 3331 morte
671 3265 759 3330 obita
784 3265 900 3348 quoles
925 3264 1011 3329 fama
1037 3272 1088 3330 est
1112 3266 1255 3331 volitare.

286 3377 360 3443 ifor.
385 3383 445 3441 sat.
470 3374 478 3440 l
503 3376 551 3443 ber.
591 3376 716 3456 privato
740 3389 826 3454 quoe
849 3374 956 3437 minor
980 3378 1078 3438 esset,

340 3483 348 3548 Ι
374 3484 443 3552 toa
470 3483 580 3564 capsis
596 3497 692 3564 quem
708 3478 796 3544 fama
813 3485 864 3543 est
882 3498 957 3544 esse
976 3479 1132 3561 librisque
1151 3479 1341 3545 ambustum
1362 3483 1511 3563 propriis.

286 3593 379 3674 epist.
404 3589 412 3655 1
439 3589 507 3658 154Ὶ
534 3587 639 3653 tribus
665 3588 752 3651 ursis
776 3586 866 3667 quod
888 3589 970 3650 satis
995 3592 1092 3651 esset.

391 3801 656 3869 Consentaneum
689 3806 739 3864 est
770 3799 924 3864 adverbia
953 3806 985 3864 et
1013 3802 1207 3882 pronomina
1239 3802 1403 3865 artissime
1435 3819 1508 3866 cum

284 3911 384 3977 verbo
419 3916 532 3975 natura
570 3926 629 3973 sua
666 3909 820 3988 coniungi
858 3906 946 3971 velut
981 3925 1110 3985 „secum
1143 3905 1234 3972 esse“
1264 3907 1379 3985 „simui
1416 3908 1509 3973 esse“

283 4019 376 4098 „binc
401 4015 546 4083 abesse“.
599 4013 718 4079 Verum
753 4032 818 4077 non
851 4014 958 4078 sotum
989 4032 1025 4078 ea
1058 4015 1252 4095 pronomina
1284 4020 1315 4078 et
1346 4013 1509 4094 adverbia,

283 4145 367 4210 quae
398 4133 463 4190 tam
496 4130 597 4188 artam
631 4123 895 4187 coniunctionem
929 4139 1001 4184 cum
1034 4119 1134 4184 verbo
1167 4123 1288 4199 ineunt,
1320 4121 1377 4186 sed
1410 4123 1506 4186 etiam

284 4234 384 4298 muita
415 4232 477 4297 aiia
510 4236 584 4296 ante
616 4229 750 4294 verbum
783 4227 932 4293 coitocari
966 4227 1083 4292 soient.
1137 4226 1206 4304 Qua
1239 4248 1271 4293 re
1296 4227 1448 4308 efficitur,
1474 4235 1508 4293 ut

282 4342 533 4406 coniunctiones
564 4342 594 4402 et
628 4353 809 4419 pronomen
841 4334 1008 4399 relativum
1040 4333 1080 4399 ad
1113 4337 1293 4416 proximam
1327 4334 1439 4400 sedern
1468 4370 1505 4378 —

281 4454 356 4513 ante
382 4446 572 4513 adverbium
606 4443 655 4508 vei
688 4460 869 4525 pronomen
903 4447 932 4504 et
959 4441 1093 4505 verbum
1120 4441 1193 4507 dico
1231 4477 1264 4484 -
1304 4442 1507 4524 repetiantur.

281 4554 433 4637 Exempla
459 4556 590 4618 exstant
614 4550 706 4615 haec:
