3360 5236
807 340 1019 465 ,13)-

298 578 375 648 Tib.
400 581 408 647 l
434 583 481 646 ln
508 582 639 667 gelidus
664 581 822 648 hibernus
849 601 953 666 aquas
977 599 1050 647 curn
1096 579 1214 646 fuderit
1239 586 1358 647 auster.

299 705 402 791 Prop.
428 706 448 772 ll
473 707 545 773 342³
566 707 649 773 felix
674 709 831 772 intactum
858 704 1008 790 Corydon
1033 706 1093 790 qui
1113 710 1253 789 ternptat
1276 705 1398 772 Alexin.
1464 765 1468 774 .

407 994 553 1077 Denique
588 994 655 1059 duo
691 993 901 1059 substantiva
927 999 958 1058 et
983 992 1050 1057 duo
1081 991 1237 1057 attributa
1263 994 1435 1074 saeperita
1460 975 1529 1057 dis-

300 1107 475 1185 ponuntur,
500 1106 535 1165 ut
553 1102 670 1183 prioris
688 1099 888 1164 substantivi
908 1098 1099 1164 attributum
1126 1104 1155 1164 et
1180 1082 1317 1164 alterurn
1344 1098 1528 1164 substanti-

300 1227 376 1273 uunr
411 1210 441 1273 in
476 1210 569 1273 initio
602 1226 719 1273 versus
749 1206 958 1281 collocentur,
990 1225 1063 1271 curn
1095 1208 1186 1288 prius
1218 1205 1464 1271 substantivum
1498 1214 1529 1271 et

299 1315 433 1380 alterius
473 1314 673 1380 substantivi
714 1313 906 1379 attributum
948 1315 979 1378 in
1016 1312 1083 1378 fine
1120 1332 1236 1379 versus
1273 1312 1529 1397 subsequantur.

299 1421 381 1488 lluic
417 1441 548 1506 quoque
585 1440 703 1488 vocunr
741 1423 833 1486 seriei
872 1422 1124 1485 coniunctiones
1149 1417 1325 1501 (interdum
1364 1440 1526 1487 unacum

299 1525 412 1611 verbo)
439 1531 626 1594 inseruntur
650 1526 698 1593 vel
726 1533 980 1610 postponuntur.
1029 1526 1181 1609 Exempla
1207 1533 1286 1593 sunt
1311 1527 1404 1593 baec:

299 1669 347 1737 Pl.
371 1670 470 1738 Sticlr.
496 1671 537 1735 15
561 1673 640 1735 viris
670 1670 730 1754 qui
759 1677 868 1736 tantas
900 1669 1096 1735 absentibus
1130 1673 1253 1736 nostris
1282 1669 1359 1736 facit
1384 1673 1528 1737 iniurias.

299 1811 419 1880 Catuli
443 1815 529 1879 bina
556 1813 755 1879 vestibulum
781 1820 817 1877 ut
840 1813 928 1878 molli
955 1814 1097 1879 velatum
1123 1813 1241 1879 fronde
1265 1818 1390 1880 vireret.

450 1921 520 1986 681⁶
548 1921 725 1986 iucundum
751 1937 824 1986 curn
849 1928 941 1986 aetas
965 1920 1081 1986 florida
1107 1940 1162 1986 ver
1185 1928 1304 2005 ageret.

299 2080 403 2164 Verg.
428 2080 483 2147 ecl.
508 2081 557 2145 3u
585 2081 669 2146 lenta
694 2079 813 2164 quibus
837 2087 933 2146 torno
957 2080 1042 2146 facili
1068 2081 1303 2163 superaddita
1329 2084 1414 2148 vitis.

298 2224 408 2290 georg.
432 2205 496 2270 2¹⁰3
522 2205 610 2271 <iulia
634 2224 701 2289 quo
725 2212 827 2288 ponto
853 2205 950 2290 longe
975 2212 1073 2271 sonat
1099 2206 1185 2271 unda
1212 2204 1331 2272 refuso.

405 2314 468 2378 319ss
496 2314 603 2397 qualis
628 2312 847 2396 Hyperboreis
865 2315 975 2397 aquilo
992 2331 1065 2379 curn
1082 2314 1209 2379 densus
1226 2313 1268 2378 ab
1285 2317 1353 2379 oris
1372 2315 1529 2381 incubuit.

300 2437 377 2504 nen.
402 2436 434 2503 lll
460 2437 526 2503 623
550 2438 617 2503 duo
642 2437 682 2502 de
709 2455 941 2504 numerorum
972 2456 1106 2520 corpora
1141 2445 1254 2504 nostro
1271 2491 1278 2503 .
1296 2491 1326 2504 ..
1358 2438 1529 2522 frangeret.

405 2544 471 2610 626
495 2550 662 2610 atrocum
688 2544 832 2610 membra
857 2545 1019 2610 fluitantia
1045 2545 1122 2610 tabo
1149 2546 1326 2611 manderet.

317 2669 373 2759 Ν
397 2670 440 2735 95
466 2689 529 2735 una
555 2670 633 2735 dolo
658 2670 769 2735 divum
795 2670 829 2736 si
849 2669 972 2736 fernina
998 2672 1082 2736 victa
1107 2670 1290 2736 duorumst.

406 2776 472 2842 325
497 2796 568 2842 mea
594 2776 784 2860 Pygmalion
809 2777 887 2842 dum
912 2780 1041 2843 moenia
1067 2778 1357 2851 fraterldestruat.

349 2883 466 2949 V119
489 2884 604 2965 triplici
631 2883 736 2966 pubes
760 2901 860 2967 quum
886 2884 1034 2949 Dardana
1060 2884 1373 2966 uersulirnpellunt.
1502 2914 1503 2917 ¹

194 3056 195 3060 ,
322 3007 373 3073 Vll
398 3009 460 3073 461
488 3026 610 3092 magno
635 3008 733 3073 veluti
764 3025 837 3074 curu
868 3007 1002 3073 flamma
1032 3016 1178 3080 sonorel
1193 3011 1301 3092 virgea
1334 3016 1530 3098 suggeritur,

299 3132 362 3199 Vlll
388 3133 431 3198 22
456 3133 629 3199 tremulum
656 3133 755 3199 labris
780 3132 838 3198 ubi
860 3133 969 3199 lurnen
995 3137 1135 3208 aenisl.
1153 3187 1183 3199 ..
1209 3134 1389 3216 pervolitat.

406 3241 472 3305 680
495 3243 646 3323 geminas
670 3241 725 3305 cui
745 3246 893 3323 tempora
919 3239 1100 3313 flarnmass
1114 3240 1196 3307 laeta
1222 3247 1369 3307 vomunt.

345 3364 382 3431 lll
428 3366 471 3430 49
496 3364 633 3430 maculis
657 3383 754 3448 quern
777 3365 934 3431 Thracius
959 3365 1070 3439 albisl
1085 3371 1190 3448 portat
1216 3384 1331 3449 equus.

407 3472 472 3537 275
498 3490 568 3538 rnea
592 3490 689 3556 quern
713 3475 831 3556 spatiis
857 3473 1066 3556 propioribus
1092 3474 1414 3557 aetaslinsequitur.

356 3580 380 3645 X
404 3579 467 3644 231
495 3577 642 3662 perfidus
666 3586 701 3644 ut
726 3585 859 3646 nostros
871 3581 886 3657 s
899 3583 1093 3663 praecipites
1120 3579 1331 3646 Rutulus...
1350 3583 1530 3667 premebat,

408 3686 472 3752 708
497 3685 619 3751 multos
644 3686 793 3752 Venulus
817 3705 914 3770 quern
939 3686 1056 3770 pinifer
1080 3684 1384 3760 annosldefendit.

345 3811 380 3876 Xl
428 3811 471 3876 30
495 3828 615 3894 corpus
640 3810 697 3876 ubi
719 3815 871 3878 examinii
897 3815 1042 3895 positum
1070 3812 1294 3879 Pallantis...
1320 3813 1481 3880 servabat.

301 3934 367 4002 Cui.
391 3937 443 4001 84.
469 3935 586 4018 spoliis
609 3934 687 4024 dum
712 3943 826 4003 sancta
851 3937 948 4002 deurn
974 3935 1179 4019 fulgentibus
1204 3941 1324 4012 ornet!
1337 3940 1470 4021 tenrpla.
1513 4019 1516 4023 .

299 4096 382 4163 ilor.
407 4096 501 4180 epod.
526 4096 581 4161 14³
624 4097 739 4179 pocula
781 4097 939 4163 [ethaeos
980 4104 1016 4162 ut
1050 4098 1083 4162 si
1120 4098 1272 4163 ducentia
1310 4116 1451 4165 sornnos

505 4206 665 4270 traxerint.

407 4335 467 4395 sat.
493 4328 512 4393 ll
538 4328 584 4392 ln
614 4328 756 4394 ntassica
783 4330 817 4394 si
838 4329 928 4394 caelo
953 4347 1124 4411 suppones
1151 4333 1225 4395 vina
1252 4348 1377 4396 sereno.

408 4455 456 4518 ep.
483 4434 503 4500 ll
528 4436 592 4499 32⁸5
620 4438 786 4520 ingenium
814 4439 932 4501 misera
956 4436 1036 4519 quio
1058 4435 1259 4502 fortunatius
1284 4443 1351 4503 arte
1376 4438 1485 4505 credit.
