3322 5236
681 342 893 448 ,ΕΙ-

278 567 344 634 280
377 566 506 633 hostem
531 565 590 649 qui
610 563 703 631 feriet
728 563 805 630 mihi
831 566 891 630 erit
914 561 1206 647 Carthaginiensis.

279 674 345 741 360
380 671 486 754 ,,111310
511 669 623 737 cruce“
650 670 737 737 fatur
763 671 832 752 „uti
854 670 945 747 desi
960 669 1144 756 duppiter“.

279 782 345 848 409
376 799 471 846 arcus
483 777 729 862 (subispiciunt
748 769 942 845 mortalibus
958 796 1043 862 quoe
1060 778 1248 863 perhibetur
1268 775 1399 860 („arcus

378 887 432 954 ubi
457 883 640 971 aspiciunt“
667 885 760 967 trad.)
886 895 888 905 '
1486 883 1489 889 '

278 996 343 1062 565
376 1014 450 1061 cunr
475 993 662 1077 legionibus
685 1010 784 1076 quom
809 991 1027 1076 proficiscitur
1052 993 1269 1077 induperator.

174 1175 324 1242 fortasse
349 1174 412 1240 huc
437 1171 616 1239 trahendus
641 1176 692 1237 est
716 1189 847 1238 versus:

278 1300 344 1366 565
376 1297 511 1364 flamma
536 1297 596 1363 ioci
619 1302 796 1380 postquam
822 1313 978 1380 percussa
1003 1301 1054 1361 est
1075 1295 1204 1362 turbine
1225 1315 1327 1363 saevo
1346 1349 1352 1363 .
1369 1349 1400 1364 ..

281 1404 435 1473 scendi
469 1422 615 1489 puerum,
641 1405 766 1487 primus
793 1402 918 1469 Priamo
941 1402 1002 1487 qui
1022 1400 1106 1469 toret
1131 1403 1264 1486 postilla
1290 1410 1401 1486 natuS,

376 1517 572 1595 temperaret
595 1509 715 1577 toliere.

279 1621 323 1686 49
356 1619 448 1686 muiti
465 1619 519 1685 3111
533 1618 720 1695 adventant,
739 1625 915 1702 paupertas
927 1635 1066 1701 quorum
1079 1617 1235 1684 obscurat
1254 1620 1398 1686 nomina.

280 1727 345 1794 234
378 1730 447 1793 otio
471 1727 531 1810 qui
553 1728 659 1793 nescit
683 1728 738 1791 uti,
1242 1727 1250 1754 ⁹

279 1834 345 1901 295
379 1852 582 1917 regnumque
609 1839 757 1899 nostrum
784 1838 820 1897 ut
843 1835 1008 1916 sospitent
1032 1836 1324 1918 superstitentque.

280 1942 346 2008 313
379 1947 543 2025 praeterea
591 1939 632 2005 ad
672 1939 801 2005 Troiam
846 1957 919 2005 cunr
959 1943 1033 2006 misi
1074 1940 1117 2005 ob
1157 1940 1399 2008 defendendam

302 2126 304 2130 ¹
378 2047 557 2114 Graeciam.

281 2158 367 2222 satir.
393 2156 434 2221 14
468 2155 589 2240 quippe
614 2156 686 2220 sine
711 2172 786 2220 cura
813 2154 917 2228 laetus
943 2154 1052 2220 lautus
1076 2172 1149 2221 cum
1173 2154 1322 2223 advenis.

281 2262 421 2347 hedyph.
445 2262 487 2328 37
523 2261 684 2327 Brundisii
711 2280 829 2345 sargus
854 2261 964 2327 bonus
990 2268 1049 2342 esi,
1083 2262 1179 2343 hunc,
1205 2282 1346 2346 magnus
1369 2264 1403 2330 si

377 2371 445 2448 erit,
470 2389 573 2435 sume.

7 2698 12 2706 .
173 2636 305 2703 Pacuv.
331 2635 591 2717 (recihibbech)
612 2637 634 2701 0
657 2635 804 2702 irende're
829 2643 955 2715 noctes
981 2638 1099 2701 misera
1126 2655 1212 2721 quus
1243 2655 1400 2722 perpessa

379 2762 463 2809 sum.

303 2851 345 2916 14
380 2849 466 2916 ndcti
491 2850 527 2914 ni
543 2852 744 2928 interveniat,
768 2848 894 2915 iructud
914 2869 970 2932 per
986 2852 1135 2934 pruinam
1155 2850 1366 2934 obriguerint.

280 2958 344 3022 104
378 2975 436 3039 pro
473 2955 627 3021 merenda
663 2959 765 3039 gratia

378 3063 476 3128 31111111
493 3081 566 3128 cum
582 3062 711 3128 videam
727 3062 844 3129 Graios
862 3062 905 3127 1111
925 3062 1130 3129 mediocriter
1147 3063 1400 3148 redamptruere.

280 3171 345 3235 153
379 3169 514 3252 proinde
541 3176 575 3235 ut
600 3172 662 3236 ista
687 3176 767 3235 sunt
791 3173 966 3254 promerita
991 3176 1109 3251 vestra,
1133 3173 1343 3255 aequiperare
1365 3180 1402 3239 ut

379 3296 496 3360 queam
523 3312 564 3319 —
588 3295 710 3343 vereor.
847 3343 851 3351 Κ

282 3384 346 3448 186
378 3382 567 3467 trequentes
591 3390 628 3449 ut
650 3390 727 3449 eant
749 3390 912 3467 gratatum
939 3383 1073 3468 hospiti.
1183 3405 1185 3410 ·

281 3489 346 3554 303
380 3489 549 3556 be'iuarum
576 3489 656 3556 haec
679 3509 717 3557 ac
741 3490 891 3557 ierarunr
908 3491 1071 3558 adventus
1095 3509 1136 3557 ne
1158 3498 1273 3558 taetret
1298 3492 1377 3560 loca.

281 3598 380 3679 epigr.
404 3599 426 3662 5
459 3597 521 3663 hoc
546 3597 696 3663 volebam
723 3600 857 3664 nescius
881 3615 922 3664 ne
945 3616 1050 3665 esses.

174 3862 261 3946 apud
279 3859 437 3931 Accium.
467 3865 533 3931 128
565 3871 640 3932 ante
666 3871 799 3932 nocturn
823 3871 952 3932 extenta
978 3869 1056 3932 retia
1080 3874 1117 3933 ut
1140 3867 1361 3951 proveherem.

280 3969 346 4037 377
380 3971 536 4055 opinione
555 3970 678 4038 facturn
697 3978 756 4051 est,
781 3978 905 4056 quanto
923 3975 1035 4040 mitius

378 4080 512 4159 stirpem
531 4079 725 4159 educabant,
737 4084 830 4145 tanto
845 4086 880 4146 ut
892 4099 1035 4146 reremur
1050 4083 1156 4165 magis
1169 4099 1228 4147 eos
1242 4100 1317 4149 esse
1339 4134 1346 4148 .
1366 4135 1373 4149 .
1391 4135 1399 4150 .

280 4182 346 4249 412
378 4183 529 4251 toleraret
553 4185 693 4265 11131133,-
714 4203 802 4252 mare
825 4203 898 4252 curn
923 4187 1124 4253 horresceret
1147 4186 1314 4255 fluctibus.

281 4291 347 4355 515
381 4308 456 4357 nam
493 4292 546 4358 me
581 4292 631 4357 uti
659 4292 789 4359 credam
821 4311 860 4359 ex
902 4298 959 4360 tuo
990 4312 1066 4360 esse
1096 4301 1291 4378 conceptum
1324 4301 1398 4363 33111

389 4396 490 4463 multa
514 4404 707 4481 argumenta
733 4399 886 4485 redigunt
908 4403 1067 4467 animum.
