<?xml version="1.0" encoding="UTF-8"?>
<!DOCTYPE html PUBLIC "-//W3C//DTD XHTML 1.0 Transitional//EN"
    "http://www.w3.org/TR/xhtml1/DTD/xhtml1-transitional.dtd">
<html xmlns="http://www.w3.org/1999/xhtml" xml:lang="en" lang="en">
 <head>
  <title>
</title>
<meta http-equiv="Content-Type" content="text/html;charset=utf-8" />
  <meta name='ocr-system' content='tesseract 3.04.00' />
  <meta name='ocr-capabilities' content='ocr_page ocr_carea ocr_par ocr_line ocrx_word'/>
</head>
<body>
  <div class='ocr_page' id='page_1' title='image "./detraiectioneco00schugoog_0127.png"; bbox 0 0 3360 5236; ppageno 0'>
   <div class='ocr_carea' id='block_1_1' title="bbox 239 572 1486 1297">
    <p class='ocr_par' dir='ltr' id='par_1_1' title="bbox 239 572 1486 1297">
     <span class='ocr_line' id='line_1_1' title="bbox 367 572 1486 656; baseline 0.001 -18"><span class='ocrx_word' id='word_1_1' title='bbox 367 572 472 639; x_wconf 88' lang='lat' dir='ltr'>Primo</span> <span class='ocrx_word' id='word_1_2' title='bbox 496 580 606 640; x_wconf 88' lang='lat' dir='ltr'>autem</span> <span class='ocrx_word' id='word_1_3' title='bbox 632 593 659 639; x_wconf 93' lang='lat' dir='ltr'>a.</span> <span class='ocrx_word' id='word_1_4' title='bbox 684 572 754 641; x_wconf 84' lang='lat' dir='ltr'>Chr.</span> <span class='ocrx_word' id='word_1_5' title='bbox 780 594 809 640; x_wconf 93' lang='lat' dir='ltr'>n.</span> <span class='ocrx_word' id='word_1_6' title='bbox 835 574 967 640; x_wconf 92' lang='lat' dir='ltr'>saeculo</span> <span class='ocrx_word' id='word_1_7' title='bbox 991 573 1058 640; x_wconf 90' lang='lat' dir='ltr'>lere</span> <span class='ocrx_word' id='word_1_8' title='bbox 1082 592 1213 656; x_wconf 83' lang='lat' dir='ltr'>semper</span> <span class='ocrx_word' id='word_1_9' title='bbox 1237 573 1385 639; x_wconf 92' lang='lat' dir='ltr'>secundo</span> <span class='ocrx_word' id='word_1_10' title='bbox 1410 593 1486 639; x_wconf 91' lang='lat' dir='ltr'>sen-</span> 
     </span>
     <span class='ocr_line' id='line_1_2' title="bbox 258 678 1486 764; baseline 0.002 -21"><span class='ocrx_word' id='word_1_11' title='bbox 258 681 379 745; x_wconf 89' lang='lat' dir='ltr'>tentiae</span> <span class='ocrx_word' id='word_1_12' title='bbox 404 679 476 746; x_wconf 93' lang='lat' dir='ltr'>loco</span> <span class='ocrx_word' id='word_1_13' title='bbox 494 681 623 764; x_wconf 88' lang='lat' dir='ltr'>legitur;</span> <span class='ocrx_word' id='word_1_14' title='bbox 647 679 687 747; x_wconf 91' lang='lat' dir='ltr'>de</span> <span class='ocrx_word' id='word_1_15' title='bbox 706 680 939 747; x_wconf 88' lang='lat' dir='ltr'>subiunctione</span> <span class='ocrx_word' id='word_1_16' title='bbox 958 700 1042 764; x_wconf 88' lang='lat' dir='ltr'>quae</span> <span class='ocrx_word' id='word_1_17' title='bbox 1059 680 1146 763; x_wconf 90' lang='lat' dir='ltr'>apud</span> <span class='ocrx_word' id='word_1_18' title='bbox 1172 678 1360 746; x_wconf 84' lang='lat' dir='ltr'>Ciceronem</span> <span class='ocrx_word' id='word_1_19' title='bbox 1386 680 1486 746; x_wconf 91' lang='lat' dir='ltr'>alios-</span> 
     </span>
     <span class='ocr_line' id='line_1_3' title="bbox 258 784 1486 871; baseline 0.002 -20"><span class='ocrx_word' id='word_1_20' title='bbox 258 805 321 869; x_wconf 85' lang='lat' dir='ltr'>que</span> <span class='ocrx_word' id='word_1_21' title='bbox 345 786 521 870; x_wconf 87' lang='lat' dir='ltr'>scriplores</span> <span class='ocrx_word' id='word_1_22' title='bbox 546 806 608 853; x_wconf 92' lang='lat' dir='ltr'>usu</span> <span class='ocrx_word' id='word_1_23' title='bbox 634 791 732 864; x_wconf 84' lang='lat' dir='ltr'>venit,</span> <span class='ocrx_word' id='word_1_24' title='bbox 756 786 841 853; x_wconf 91' lang='lat' dir='ltr'>conl.</span> <span class='ocrx_word' id='word_1_25' title='bbox 879 806 963 871; x_wconf 90' lang='lat' dir='ltr'>quae</span> <span class='ocrx_word' id='word_1_26' title='bbox 993 787 1168 860; x_wconf 72' lang='lat' dir='ltr'>lllllmerus</span> <span class='ocrx_word' id='word_1_27' title='bbox 1193 784 1297 867; x_wconf 81' lang='lat' dir='ltr'>(nusi.</span> <span class='ocrx_word' id='word_1_28' title='bbox 1323 786 1431 854; x_wconf 88' lang='lat' dir='ltr'>Gram.</span> <span class='ocrx_word' id='word_1_29' title='bbox 1456 787 1486 853; x_wconf 93' lang='lat' dir='ltr'>d.</span> 
     </span>
     <span class='ocr_line' id='line_1_4' title="bbox 259 892 1486 978; baseline 0.002 -21"><span class='ocrx_word' id='word_1_30' title='bbox 259 893 311 958; x_wconf 90' lang='lat' dir='ltr'>lat.</span> <span class='ocrx_word' id='word_1_31' title='bbox 341 892 485 977; x_wconf 88' lang='lat' dir='ltr'>Spraclre</span> <span class='ocrx_word' id='word_1_32' title='bbox 510 894 530 960; x_wconf 97' lang='lat' dir='ltr'>ll</span> <span class='ocrx_word' id='word_1_33' title='bbox 558 914 630 978; x_wconf 85' lang='lat' dir='ltr'><strong>pag.</strong></span> <span class='ocrx_word' id='word_1_34' title='bbox 654 894 770 975; x_wconf 73' lang='grc'>73475)</span> <span class='ocrx_word' id='word_1_35' title='bbox 802 896 983 975; x_wconf 69' lang='lat' dir='ltr'>explicavit</span> <span class='ocrx_word' id='word_1_36' title='bbox 1041 895 1066 960; x_wconf 82' lang='grc' dir='ltr'>Α</span> <span class='ocrx_word' id='word_1_37' title='bbox 1099 897 1206 978; x_wconf 86' lang='lat' dir='ltr'>poetis</span> <span class='ocrx_word' id='word_1_38' title='bbox 1238 912 1369 978; x_wconf 89' lang='lat' dir='ltr'>quoque</span> <span class='ocrx_word' id='word_1_39' title='bbox 1400 895 1486 961; x_wconf 86' lang='lat' dir='ltr'>enim</span> 
     </span>
     <span class='ocr_line' id='line_1_5' title="bbox 239 989 1485 1090; baseline 0.002 -25"><span class='ocrx_word' id='word_1_40' title='bbox 239 1008 358 1082; x_wconf 79' lang='lat' dir='ltr'>&#39;saepe</span> <span class='ocrx_word' id='word_1_41' title='bbox 389 1001 609 1086; x_wconf 87' lang='lat' dir='ltr'>subiungitur,</span> <span class='ocrx_word' id='word_1_42' title='bbox 646 1005 818 1085; x_wconf 82' lang='lat' dir='ltr'>praecipue</span> <span class='ocrx_word' id='word_1_43' title='bbox 849 1022 868 1067; x_wconf 91' lang='lat' dir='ltr'>a</span> <span class='ocrx_word' id='word_1_44' title='bbox 902 1002 1055 1090; x_wconf 76' lang='lat' dir='ltr'>lucretio</span> <span class='ocrx_word' id='word_1_45' title='bbox 1091 1003 1147 1085; x_wconf 88' lang='lat' dir='ltr'>qui</span> <span class='ocrx_word' id='word_1_46' title='bbox 1179 1001 1370 1085; x_wconf 89' lang='lat' dir='ltr'>plerumque</span> <span class='ocrx_word' id='word_1_47' title='bbox 1400 989 1485 1067; x_wconf 81' lang='lat' dir='ltr'>enim</span> 
     </span>
     <span class='ocr_line' id='line_1_6' title="bbox 258 1106 1485 1192; baseline 0.002 -21"><span class='ocrx_word' id='word_1_48' title='bbox 258 1106 358 1173; x_wconf 88' lang='lat' dir='ltr'>verbo</span> <span class='ocrx_word' id='word_1_49' title='bbox 383 1107 548 1175; x_wconf 76' lang='lat' dir='ltr'>subnectit</span> <span class='ocrx_word' id='word_1_50' title='bbox 574 1112 626 1190; x_wconf 88' lang='lat' dir='ltr'>ita,</span> <span class='ocrx_word' id='word_1_51' title='bbox 652 1115 686 1175; x_wconf 92' lang='lat' dir='ltr'>ut</span> <span class='ocrx_word' id='word_1_52' title='bbox 711 1108 772 1176; x_wconf 89' lang='lat' dir='ltr'>hac</span> <span class='ocrx_word' id='word_1_53' title='bbox 797 1107 953 1192; x_wconf 91' lang='lat' dir='ltr'>particula</span> <span class='ocrx_word' id='word_1_54' title='bbox 979 1125 1148 1175; x_wconf 89' lang='lat' dir='ltr'>caesuram</span> <span class='ocrx_word' id='word_1_55' title='bbox 1175 1114 1251 1192; x_wconf 87' lang='lat' dir='ltr'>post</span> <span class='ocrx_word' id='word_1_56' title='bbox 1281 1111 1409 1174; x_wconf 81' lang='lat' dir='ltr'>tertiam</span> <span class='ocrx_word' id='word_1_57' title='bbox 1435 1109 1485 1174; x_wconf 87' lang='lat' dir='ltr'>vel</span> 
     </span>
     <span class='ocr_line' id='line_1_7' title="bbox 258 1216 684 1297; baseline 0.007 -18"><span class='ocrx_word' id='word_1_58' title='bbox 258 1220 406 1297; x_wconf 91' lang='lat' dir='ltr'>quartam</span> <span class='ocrx_word' id='word_1_59' title='bbox 431 1218 520 1281; x_wconf 89' lang='lat' dir='ltr'>arsin</span> <span class='ocrx_word' id='word_1_60' title='bbox 545 1216 684 1283; x_wconf 90' lang='lat' dir='ltr'>claudat.</span> 
     </span>
    </p>
   </div>
   <div class='ocr_carea' id='block_1_2' title="bbox 259 1391 1324 1585">
    <p class='ocr_par' dir='ltr' id='par_1_2' title="bbox 259 1391 1324 1585">
     <span class='ocr_line' id='line_1_8' title="bbox 259 1391 1152 1479; baseline 0.002 -21"><span class='ocrx_word' id='word_1_61' title='bbox 259 1391 338 1460; x_wconf 82' lang='lat' dir='ltr'>Luc.</span> <span class='ocrx_word' id='word_1_62' title='bbox 363 1393 371 1459; x_wconf 99' lang='lat' dir='ltr'>l</span> <span class='ocrx_word' id='word_1_63' title='bbox 396 1394 462 1459; x_wconf 93' lang='grc'>210</span> <span class='ocrx_word' id='word_1_64' title='bbox 487 1394 575 1463; x_wconf 89' lang='lat' dir='ltr'>nulla</span> <span class='ocrx_word' id='word_1_65' title='bbox 599 1398 630 1461; x_wconf 88' lang='lat' dir='ltr'>vi</span> <span class='ocrx_word' id='word_1_66' title='bbox 655 1395 739 1462; x_wconf 88' lang='lat' dir='ltr'>loret</span> <span class='ocrx_word' id='word_1_67' title='bbox 764 1415 846 1461; x_wconf 92' lang='lat' dir='ltr'>usus</span> <span class='ocrx_word' id='word_1_68' title='bbox 871 1396 983 1471; x_wconf 71' lang='lat' dir='ltr'>enims</span> <span class='ocrx_word' id='word_1_69' title='bbox 996 1414 1079 1479; x_wconf 92' lang='lat' dir='ltr'>quae</span> <span class='ocrx_word' id='word_1_70' title='bbox 1097 1448 1103 1461; x_wconf 96' lang='lat'>.</span> <span class='ocrx_word' id='word_1_71' title='bbox 1122 1447 1152 1461; x_wconf 92' lang='lat'>..</span> 
     </span>
     <span class='ocr_line' id='line_1_9' title="bbox 364 1499 1324 1585; baseline 0.001 -19"><span class='ocrx_word' id='word_1_72' title='bbox 364 1499 429 1567; x_wconf 91' lang='grc'>047</span> <span class='ocrx_word' id='word_1_73' title='bbox 455 1502 497 1567; x_wconf 89' lang='lat' dir='ltr'>nil</span> <span class='ocrx_word' id='word_1_74' title='bbox 524 1503 697 1585; x_wconf 88' lang='lat' dir='ltr'>prodesset</span> <span class='ocrx_word' id='word_1_75' title='bbox 721 1503 986 1573; x_wconf 75' lang='lat' dir='ltr'>enimlcalidum</span> <span class='ocrx_word' id='word_1_76' title='bbox 1013 1502 1181 1569; x_wconf 87' lang='lat' dir='ltr'>denserier</span> <span class='ocrx_word' id='word_1_77' title='bbox 1205 1505 1324 1585; x_wconf 84' lang='lat' dir='ltr'>ignem.</span> 
     </span>
    </p>
   </div>
   <div class='ocr_carea' id='block_1_3' title="bbox 363 1608 1293 1783">
    <p class='ocr_par' dir='ltr' id='par_1_3' title="bbox 363 1608 1293 1783">
     <span class='ocr_line' id='line_1_10' title="bbox 363 1608 1293 1701; baseline 0.001 -27"><span class='ocrx_word' id='word_1_78' title='bbox 363 1609 429 1674; x_wconf 92' lang='grc'>050</span> <span class='ocrx_word' id='word_1_79' title='bbox 453 1612 557 1675; x_wconf 90' lang='lat' dir='ltr'>acrior</span> <span class='ocrx_word' id='word_1_80' title='bbox 580 1608 676 1678; x_wconf 91' lang='lat' dir='ltr'>ardor</span> <span class='ocrx_word' id='word_1_81' title='bbox 699 1611 812 1685; x_wconf 69' lang='lat' dir='ltr'>enim!</span> <span class='ocrx_word' id='word_1_82' title='bbox 824 1610 997 1676; x_wconf 92' lang='lat' dir='ltr'>conductis</span> <span class='ocrx_word' id='word_1_83' title='bbox 1022 1609 1170 1693; x_wconf 87' lang='lat' dir='ltr'>partibus</span> <span class='ocrx_word' id='word_1_84' title='bbox 1195 1615 1293 1701; x_wconf 87' lang='lat' dir='ltr'>esset.</span> 
     </span>
     <span class='ocr_line' id='line_1_11' title="bbox 363 1698 1158 1783; baseline 0.003 -20"><span class='ocrx_word' id='word_1_85' title='bbox 363 1698 429 1763; x_wconf 88' lang='grc'>080</span> <span class='ocrx_word' id='word_1_86' title='bbox 454 1699 498 1764; x_wconf 91' lang='lat' dir='ltr'>nil</span> <span class='ocrx_word' id='word_1_87' title='bbox 523 1698 654 1766; x_wconf 84' lang='lat' dir='ltr'>referret</span> <span class='ocrx_word' id='word_1_88' title='bbox 677 1700 763 1767; x_wconf 86' lang='lat' dir='ltr'>enim</span> <span class='ocrx_word' id='word_1_89' title='bbox 777 1704 790 1765; x_wconf 86' lang='lat' dir='ltr'>l</span> <span class='ocrx_word' id='word_1_90' title='bbox 806 1701 968 1783; x_wconf 85' lang='lat' dir='ltr'>quaedam</span> <span class='ocrx_word' id='word_1_91' title='bbox 994 1699 1158 1766; x_wconf 89' lang='lat' dir='ltr'>decedere.</span> 
     </span>
    </p>
   </div>
   <div class='ocr_carea' id='block_1_4' title="bbox 362 1804 1464 2212">
    <p class='ocr_par' dir='ltr' id='par_1_4' title="bbox 364 1804 890 1889">
     <span class='ocr_line' id='line_1_12' title="bbox 364 1804 890 1889; baseline 0.008 -20"><span class='ocrx_word' id='word_1_92' title='bbox 364 1804 429 1870; x_wconf 84' lang='lat'>700</span> <span class='ocrx_word' id='word_1_93' title='bbox 453 1825 519 1889; x_wconf 92' lang='lat' dir='ltr'>quo</span> <span class='ocrx_word' id='word_1_94' title='bbox 545 1806 723 1873; x_wconf 90' lang='lat' dir='ltr'>releremus</span> <span class='ocrx_word' id='word_1_95' title='bbox 748 1807 890 1880; x_wconf 70' lang='lat' dir='ltr'>enimi?</span> 
     </span>
    </p>

    <p class='ocr_par' dir='ltr' id='par_1_5' title="bbox 363 1909 1366 1997">
     <span class='ocr_line' id='line_1_13' title="bbox 363 1909 1366 1997; baseline 0.002 -21"><span class='ocrx_word' id='word_1_96' title='bbox 363 1909 428 1977; x_wconf 90' lang='grc'>705</span> <span class='ocrx_word' id='word_1_97' title='bbox 452 1931 557 1997; x_wconf 91' lang='lat' dir='ltr'>aequa</span> <span class='ocrx_word' id='word_1_98' title='bbox 581 1913 710 1980; x_wconf 88' lang='lat' dir='ltr'>videtur</span> <span class='ocrx_word' id='word_1_99' title='bbox 733 1914 846 1988; x_wconf 69' lang='lat' dir='ltr'>enims</span> <span class='ocrx_word' id='word_1_100' title='bbox 859 1914 1024 1981; x_wconf 91' lang='lat' dir='ltr'>dementia</span> <span class='ocrx_word' id='word_1_101' title='bbox 1049 1914 1155 1980; x_wconf 90' lang='lat' dir='ltr'>dicere</span> <span class='ocrx_word' id='word_1_102' title='bbox 1181 1919 1366 1996; x_wconf 89' lang='lat' dir='ltr'>utrumque.</span> 
     </span>
    </p>

    <p class='ocr_par' dir='ltr' id='par_1_6' title="bbox 363 2018 1312 2106">
     <span class='ocr_line' id='line_1_14' title="bbox 363 2018 1312 2106; baseline 0.001 -22"><span class='ocrx_word' id='word_1_103' title='bbox 363 2018 427 2085; x_wconf 92' lang='grc'>707</span> <span class='ocrx_word' id='word_1_104' title='bbox 452 2020 586 2087; x_wconf 89' lang='lat' dir='ltr'>alternis</span> <span class='ocrx_word' id='word_1_105' title='bbox 610 2024 792 2106; x_wconf 90' lang='lat' dir='ltr'>gignuntur</span> <span class='ocrx_word' id='word_1_106' title='bbox 816 2021 929 2097; x_wconf 69' lang='lat' dir='ltr'>enim!</span> <span class='ocrx_word' id='word_1_107' title='bbox 943 2027 1136 2105; x_wconf 87' lang='lat' dir='ltr'>mutantque</span> <span class='ocrx_word' id='word_1_108' title='bbox 1160 2021 1312 2086; x_wconf 90' lang='lat' dir='ltr'>colorem.</span> 
     </span>
    </p>

    <p class='ocr_par' dir='ltr' id='par_1_7' title="bbox 362 2126 1464 2212">
     <span class='ocr_line' id='line_1_15' title="bbox 362 2126 1464 2212; baseline 0 -21"><span class='ocrx_word' id='word_1_109' title='bbox 362 2126 428 2192; x_wconf 93' lang='grc'>074</span> <span class='ocrx_word' id='word_1_110' title='bbox 452 2128 641 2195; x_wconf 89' lang='lat' dir='ltr'>alterutrum</span> <span class='ocrx_word' id='word_1_111' title='bbox 667 2127 800 2195; x_wconf 87' lang='lat' dir='ltr'>latearis</span> <span class='ocrx_word' id='word_1_112' title='bbox 825 2129 938 2204; x_wconf 71' lang='lat' dir='ltr'>enims</span> <span class='ocrx_word' id='word_1_113' title='bbox 950 2147 1131 2212; x_wconf 89' lang='lat' dir='ltr'>sumasque</span> <span class='ocrx_word' id='word_1_114' title='bbox 1156 2133 1335 2194; x_wconf 85' lang='lat' dir='ltr'>necessest.</span> <span class='ocrx_word' id='word_1_115' title='bbox 1463 2188 1464 2191; x_wconf 74' lang='grc'>,</span> 
     </span>
    </p>
   </div>
   <div class='ocr_carea' id='block_1_5' title="bbox 312 2249 1333 2660">
    <p class='ocr_par' dir='ltr' id='par_1_8' title="bbox 312 2249 1333 2660">
     <span class='ocr_line' id='line_1_16' title="bbox 312 2249 1333 2335; baseline 0.002 -20"><span class='ocrx_word' id='word_1_116' title='bbox 312 2249 332 2316; x_wconf 99' lang='lat' dir='ltr'>ll</span> <span class='ocrx_word' id='word_1_117' title='bbox 359 2252 423 2318; x_wconf 85' lang='lat'>129</span> <span class='ocrx_word' id='word_1_118' title='bbox 448 2252 549 2319; x_wconf 87' lang='lat' dir='ltr'>multa</span> <span class='ocrx_word' id='word_1_119' title='bbox 574 2252 703 2320; x_wconf 87' lang='lat' dir='ltr'>videbls</span> <span class='ocrx_word' id='word_1_120' title='bbox 728 2255 839 2332; x_wconf 70' lang='lat' dir='ltr'>enims</span> <span class='ocrx_word' id='word_1_121' title='bbox 857 2281 891 2307; x_wconf 97' lang='lat'><strong><em>=</em></strong></span> <span class='ocrx_word' id='word_1_122' title='bbox 919 2253 1015 2333; x_wconf 77' lang='grc'>1724,</span> <span class='ocrx_word' id='word_1_123' title='bbox 1040 2254 1114 2334; x_wconf 89' lang='grc'>000,</span> <span class='ocrx_word' id='word_1_124' title='bbox 1137 2253 1212 2335; x_wconf 89' lang='grc'>840,</span> <span class='ocrx_word' id='word_1_125' title='bbox 1237 2251 1333 2318; x_wconf 87' lang='grc'>1005.</span> 
     </span>
     <span class='ocr_line' id='line_1_17' title="bbox 365 2358 1266 2444; baseline 0.007 -21"><span class='ocrx_word' id='word_1_126' title='bbox 365 2358 428 2424; x_wconf 90' lang='grc'>134</span> <span class='ocrx_word' id='word_1_127' title='bbox 453 2362 556 2442; x_wconf 89' lang='lat' dir='ltr'>prima</span> <span class='ocrx_word' id='word_1_128' title='bbox 582 2368 755 2428; x_wconf 89' lang='lat' dir='ltr'>moventur</span> <span class='ocrx_word' id='word_1_129' title='bbox 779 2362 892 2438; x_wconf 74' lang='lat' dir='ltr'>enims</span> <span class='ocrx_word' id='word_1_130' title='bbox 906 2380 962 2444; x_wconf 90' lang='lat' dir='ltr'>per</span> <span class='ocrx_word' id='word_1_131' title='bbox 987 2380 1024 2427; x_wconf 92' lang='lat' dir='ltr'>se</span> <span class='ocrx_word' id='word_1_132' title='bbox 1048 2360 1235 2444; x_wconf 87' lang='lat' dir='ltr'>primordia.</span> <span class='ocrx_word' id='word_1_133' title='bbox 1262 2421 1266 2429; x_wconf 88' lang='lat'>.</span> 
     </span>
     <span class='ocr_line' id='line_1_18' title="bbox 362 2466 1278 2553; baseline 0.003 -21"><span class='ocrx_word' id='word_1_134' title='bbox 362 2466 428 2532; x_wconf 82' lang='lat'>454</span> <span class='ocrx_word' id='word_1_135' title='bbox 453 2486 512 2535; x_wconf 90' lang='lat' dir='ltr'>nec</span> <span class='ocrx_word' id='word_1_136' title='bbox 536 2470 715 2535; x_wconf 88' lang='lat' dir='ltr'>retinentur</span> <span class='ocrx_word' id='word_1_137' title='bbox 739 2469 825 2535; x_wconf 86' lang='lat' dir='ltr'>enim</span> <span class='ocrx_word' id='word_1_138' title='bbox 840 2484 849 2522; x_wconf 72' lang='lat' dir='ltr'>r</span> <span class='ocrx_word' id='word_1_139' title='bbox 865 2472 947 2535; x_wconf 89' lang='lat' dir='ltr'>inter</span> <span class='ocrx_word' id='word_1_140' title='bbox 971 2488 1007 2535; x_wconf 91' lang='lat' dir='ltr'>se</span> <span class='ocrx_word' id='word_1_141' title='bbox 1030 2468 1278 2553; x_wconf 86' lang='lat' dir='ltr'>glomeramina.</span> 
     </span>
     <span class='ocr_line' id='line_1_19' title="bbox 363 2573 1323 2660; baseline 0.005 -22"><span class='ocrx_word' id='word_1_142' title='bbox 363 2573 449 2640; x_wconf 90' lang='grc'>1147</span> <span class='ocrx_word' id='word_1_143' title='bbox 473 2577 584 2641; x_wconf 90' lang='lat' dir='ltr'>omnia</span> <span class='ocrx_word' id='word_1_144' title='bbox 609 2575 707 2642; x_wconf 89' lang='lat' dir='ltr'>debet</span> <span class='ocrx_word' id='word_1_145' title='bbox 730 2576 948 2654; x_wconf 73' lang='lat' dir='ltr'>enimlclbus</span> <span class='ocrx_word' id='word_1_146' title='bbox 974 2579 1133 2660; x_wconf 90' lang='lat' dir='ltr'>integrare</span> <span class='ocrx_word' id='word_1_147' title='bbox 1158 2576 1323 2643; x_wconf 73' lang='lat' dir='ltr'>novando,</span> 
     </span>
    </p>
   </div>
   <div class='ocr_carea' id='block_1_6' title="bbox 256 2697 1482 3319">
    <p class='ocr_par' dir='ltr' id='par_1_9' title="bbox 256 2697 1482 3319">
     <span class='ocr_line' id='line_1_20' title="bbox 293 2697 1128 2785; baseline 0.006 -23"><span class='ocrx_word' id='word_1_148' title='bbox 293 2697 335 2763; x_wconf 96' lang='lat' dir='ltr'>lll.</span> <span class='ocrx_word' id='word_1_149' title='bbox 360 2698 423 2763; x_wconf 92' lang='grc'>141</span> <span class='ocrx_word' id='word_1_150' title='bbox 449 2698 502 2765; x_wconf 86' lang='lat' dir='ltr'>liic</span> <span class='ocrx_word' id='word_1_151' title='bbox 526 2699 667 2766; x_wconf 88' lang='lat' dir='ltr'>exsultat</span> <span class='ocrx_word' id='word_1_152' title='bbox 692 2700 804 2778; x_wconf 68' lang='lat' dir='ltr'>enim!</span> <span class='ocrx_word' id='word_1_153' title='bbox 821 2720 923 2785; x_wconf 87' lang='lat' dir='ltr'>pavor</span> <span class='ocrx_word' id='word_1_154' title='bbox 947 2721 983 2768; x_wconf 93' lang='lat' dir='ltr'>ac</span> <span class='ocrx_word' id='word_1_155' title='bbox 1010 2705 1128 2768; x_wconf 90' lang='lat' dir='ltr'>metus.</span> 
     </span>
     <span class='ocr_line' id='line_1_21' title="bbox 362 2804 1258 2893; baseline 0.004 -23"><span class='ocrx_word' id='word_1_156' title='bbox 362 2804 428 2872; x_wconf 87' lang='grc'>240</span> <span class='ocrx_word' id='word_1_157' title='bbox 453 2809 556 2890; x_wconf 91' lang='lat' dir='ltr'>prima</span> <span class='ocrx_word' id='word_1_158' title='bbox 581 2809 683 2873; x_wconf 88' lang='lat' dir='ltr'>cietur</span> <span class='ocrx_word' id='word_1_159' title='bbox 706 2808 818 2874; x_wconf 78' lang='lat' dir='ltr'>enimi</span> <span class='ocrx_word' id='word_1_160' title='bbox 831 2811 941 2892; x_wconf 87' lang='lat' dir='ltr'>parvis</span> <span class='ocrx_word' id='word_1_161' title='bbox 967 2807 1107 2892; x_wconf 87' lang='lat' dir='ltr'>perlecta</span> <span class='ocrx_word' id='word_1_162' title='bbox 1131 2807 1258 2893; x_wconf 87' lang='lat' dir='ltr'>liguris.</span> 
     </span>
     <span class='ocr_line' id='line_1_22' title="bbox 361 2911 1482 2998; baseline 0.004 -22"><span class='ocrx_word' id='word_1_163' title='bbox 361 2911 427 2977; x_wconf 88' lang='lat'>560</span> <span class='ocrx_word' id='word_1_164' title='bbox 453 2932 511 2980; x_wconf 93' lang='lat' dir='ltr'>nec</span> <span class='ocrx_word' id='word_1_165' title='bbox 537 2917 610 2980; x_wconf 90' lang='lat' dir='ltr'>sine</span> <span class='ocrx_word' id='word_1_166' title='bbox 634 2933 769 2998; x_wconf 93' lang='lat' dir='ltr'>corpore</span> <span class='ocrx_word' id='word_1_167' title='bbox 786 2916 898 2992; x_wconf 75' lang='lat' dir='ltr'>enims</span> <span class='ocrx_word' id='word_1_168' title='bbox 911 2916 1026 2982; x_wconf 88' lang='lat' dir='ltr'>vitales</span> <span class='ocrx_word' id='word_1_169' title='bbox 1044 2916 1139 2983; x_wconf 90' lang='lat' dir='ltr'>edere</span> <span class='ocrx_word' id='word_1_170' title='bbox 1157 2922 1314 2982; x_wconf 91' lang='lat' dir='ltr'>motus..</span> <span class='ocrx_word' id='word_1_171' title='bbox 1332 2968 1339 2981; x_wconf 91' lang='lat'>.</span> <span class='ocrx_word' id='word_1_172' title='bbox 1364 2921 1482 2998; x_wconf 87' lang='lat' dir='ltr'>potest.</span> 
     </span>
     <span class='ocr_line' id='line_1_23' title="bbox 361 3017 1087 3105; baseline 0.007 -22"><span class='ocrx_word' id='word_1_173' title='bbox 361 3017 425 3085; x_wconf 87' lang='grc'>701</span> <span class='ocrx_word' id='word_1_174' title='bbox 451 3020 541 3103; x_wconf 92' lang='lat' dir='ltr'>quod</span> <span class='ocrx_word' id='word_1_175' title='bbox 567 3028 736 3105; x_wconf 87' lang='lat' dir='ltr'>permanat</span> <span class='ocrx_word' id='word_1_176' title='bbox 761 3022 1087 3099; x_wconf 75' lang='lat' dir='ltr'>enimldissolvitur.</span> 
     </span>
     <span class='ocr_line' id='line_1_24' title="bbox 361 3124 1058 3211; baseline 0.007 -20"><span class='ocrx_word' id='word_1_177' title='bbox 361 3124 427 3191; x_wconf 88' lang='grc'>750</span> <span class='ocrx_word' id='word_1_178' title='bbox 451 3127 540 3211; x_wconf 93' lang='lat' dir='ltr'>quod</span> <span class='ocrx_word' id='word_1_179' title='bbox 566 3134 709 3195; x_wconf 87' lang='lat' dir='ltr'>mutatur</span> <span class='ocrx_word' id='word_1_180' title='bbox 734 3129 1058 3204; x_wconf 76' lang='lat' dir='ltr'>enimldissolvitur.</span> 
     </span>
     <span class='ocr_line' id='line_1_25' title="bbox 256 3231 1078 3319; baseline 0.007 -22"><span class='ocrx_word' id='word_1_181' title='bbox 256 3267 270 3285; x_wconf 56' lang='grc' dir='ltr'><strong><em>ι</em></strong></span> <span class='ocrx_word' id='word_1_182' title='bbox 361 3231 427 3299; x_wconf 88' lang='grc'>700</span> <span class='ocrx_word' id='word_1_183' title='bbox 451 3234 539 3318; x_wconf 92' lang='lat' dir='ltr'>quod</span> <span class='ocrx_word' id='word_1_184' title='bbox 566 3237 593 3300; x_wconf 86' lang='lat' dir='ltr'>si</span> <span class='ocrx_word' id='word_1_185' title='bbox 620 3242 736 3319; x_wconf 91' lang='lat' dir='ltr'>posset</span> <span class='ocrx_word' id='word_1_186' title='bbox 759 3237 872 3313; x_wconf 76' lang='lat' dir='ltr'>enims</span> <span class='ocrx_word' id='word_1_187' title='bbox 887 3267 927 3287; x_wconf 94' lang='lat'>=</span> <span class='ocrx_word' id='word_1_188' title='bbox 953 3238 980 3303; x_wconf 93' lang='lat' dir='ltr'>V</span> <span class='ocrx_word' id='word_1_189' title='bbox 1004 3236 1078 3304; x_wconf 90' lang='grc'>134.</span> 
     </span>
    </p>
   </div>
   <div class='ocr_carea' id='block_1_7' title="bbox 299 3356 1481 3533">
    <p class='ocr_par' dir='ltr' id='par_1_10' title="bbox 299 3356 1481 3533">
     <span class='ocr_line' id='line_1_26' title="bbox 299 3356 1481 3447; baseline 0.004 -25"><span class='ocrx_word' id='word_1_190' title='bbox 299 3356 339 3422; x_wconf 93' lang='lat' dir='ltr'>lV</span> <span class='ocrx_word' id='word_1_191' title='bbox 362 3358 428 3424; x_wconf 88' lang='grc'>520</span> <span class='ocrx_word' id='word_1_192' title='bbox 452 3377 642 3443; x_wconf 87' lang='lat' dir='ltr'>corpoream</span> <span class='ocrx_word' id='word_1_193' title='bbox 677 3370 890 3431; x_wconf 82' lang='lat' dir='ltr'>&lt;vocem&gt;</span> <span class='ocrx_word' id='word_1_194' title='bbox 921 3382 1052 3447; x_wconf 91' lang='lat' dir='ltr'>quoque</span> <span class='ocrx_word' id='word_1_195' title='bbox 1076 3362 1162 3428; x_wconf 87' lang='lat' dir='ltr'>enim</span> <span class='ocrx_word' id='word_1_196' title='bbox 1173 3365 1188 3438; x_wconf 82' lang='lat' dir='ltr'>l&#39;</span> <span class='ocrx_word' id='word_1_197' title='bbox 1200 3367 1352 3428; x_wconf 89' lang='lat' dir='ltr'>constare</span> <span class='ocrx_word' id='word_1_198' title='bbox 1376 3362 1481 3428; x_wconf 87' lang='lat' dir='ltr'>laten-</span> 
     </span>
     <span class='ocr_line' id='line_1_27' title="bbox 460 3465 582 3533; baseline -0.008 0"><span class='ocrx_word' id='word_1_199' title='bbox 460 3465 582 3533; x_wconf 84' lang='lat' dir='ltr'>dumst</span> 
     </span>
    </p>
   </div>
   <div class='ocr_carea' id='block_1_8' title="bbox 309 3589 1101 3678">
    <p class='ocr_par' dir='ltr' id='par_1_11' title="bbox 309 3589 1101 3678">
     <span class='ocr_line' id='line_1_28' title="bbox 309 3589 1101 3678; baseline 0.009 -24"><span class='ocrx_word' id='word_1_200' title='bbox 309 3589 336 3654; x_wconf 88' lang='lat' dir='ltr'>V</span> <span class='ocrx_word' id='word_1_201' title='bbox 383 3589 448 3656; x_wconf 91' lang='grc'>077</span> <span class='ocrx_word' id='word_1_202' title='bbox 474 3610 492 3657; x_wconf 88' lang='lat' dir='ltr'>a</span> <span class='ocrx_word' id='word_1_203' title='bbox 518 3594 628 3676; x_wconf 88' lang='lat' dir='ltr'>parvis</span> <span class='ocrx_word' id='word_1_204' title='bbox 653 3594 741 3678; x_wconf 91' lang='lat' dir='ltr'>quod</span> <span class='ocrx_word' id='word_1_205' title='bbox 767 3594 1101 3662; x_wconf 85' lang='lat' dir='ltr'>enimlconsueranl.</span> 
     </span>
    </p>
   </div>
   <div class='ocr_carea' id='block_1_9' title="bbox 361 3697 1350 3883">
    <p class='ocr_par' dir='ltr' id='par_1_12' title="bbox 361 3697 1350 3883">
     <span class='ocr_line' id='line_1_29' title="bbox 361 3697 1350 3787; baseline 0.005 -24"><span class='ocrx_word' id='word_1_206' title='bbox 361 3697 448 3763; x_wconf 89' lang='grc'>1148</span> <span class='ocrx_word' id='word_1_207' title='bbox 472 3702 580 3765; x_wconf 89' lang='lat' dir='ltr'>acrius</span> <span class='ocrx_word' id='word_1_208' title='bbox 605 3718 643 3765; x_wconf 88' lang='lat' dir='ltr'>ex</span> <span class='ocrx_word' id='word_1_209' title='bbox 670 3703 714 3766; x_wconf 87' lang='lat' dir='ltr'>ira</span> <span class='ocrx_word' id='word_1_210' title='bbox 740 3700 827 3785; x_wconf 92' lang='lat' dir='ltr'>quod</span> <span class='ocrx_word' id='word_1_211' title='bbox 854 3702 966 3780; x_wconf 72' lang='lat' dir='ltr'>enims</span> <span class='ocrx_word' id='word_1_212' title='bbox 980 3721 1016 3769; x_wconf 92' lang='lat' dir='ltr'>se</span> <span class='ocrx_word' id='word_1_213' title='bbox 1041 3705 1182 3787; x_wconf 92' lang='lat' dir='ltr'>quisque</span> <span class='ocrx_word' id='word_1_214' title='bbox 1207 3701 1350 3785; x_wconf 91' lang='lat' dir='ltr'>parabat.</span> 
     </span>
     <span class='ocr_line' id='line_1_30' title="bbox 361 3803 785 3883; baseline 0.012 -14"><span class='ocrx_word' id='word_1_215' title='bbox 361 3803 448 3870; x_wconf 87' lang='grc'>1150</span> <span class='ocrx_word' id='word_1_216' title='bbox 473 3808 533 3871; x_wconf 90' lang='lat' dir='ltr'>etsi</span> <span class='ocrx_word' id='word_1_217' title='bbox 559 3805 641 3872; x_wconf 84' lang='lat' dir='ltr'>fallit</span> <span class='ocrx_word' id='word_1_218' title='bbox 665 3808 785 3883; x_wconf 81' lang='lat' dir='ltr'>enims.</span> 
     </span>
    </p>
   </div>
   <div class='ocr_carea' id='block_1_10' title="bbox 298 3928 1340 4522">
    <p class='ocr_par' dir='ltr' id='par_1_13' title="bbox 298 3928 1340 4385">
     <span class='ocr_line' id='line_1_31' title="bbox 298 3928 1290 4020; baseline 0.008 -26"><span class='ocrx_word' id='word_1_219' title='bbox 298 3928 337 3994; x_wconf 92' lang='lat' dir='ltr'>Vl</span> <span class='ocrx_word' id='word_1_220' title='bbox 384 3930 427 3996; x_wconf 88' lang='grc'>00</span> <span class='ocrx_word' id='word_1_221' title='bbox 452 3950 511 3997; x_wconf 91' lang='lat' dir='ltr'>nec</span> <span class='ocrx_word' id='word_1_222' title='bbox 536 3930 575 3997; x_wconf 87' lang='lat' dir='ltr'>lit</span> <span class='ocrx_word' id='word_1_223' title='bbox 598 3933 711 4008; x_wconf 74' lang='lat' dir='ltr'>enims</span> <span class='ocrx_word' id='word_1_224' title='bbox 724 3937 856 4001; x_wconf 87' lang='lat' dir='ltr'>sonitus</span> <span class='ocrx_word' id='word_1_225' title='bbox 881 3936 960 4002; x_wconf 84' lang='lat' dir='ltr'>caeli</span> <span class='ocrx_word' id='word_1_226' title='bbox 986 3934 1026 4002; x_wconf 90' lang='lat' dir='ltr'>de</span> <span class='ocrx_word' id='word_1_227' title='bbox 1051 3943 1141 4020; x_wconf 91' lang='lat' dir='ltr'>parte</span> <span class='ocrx_word' id='word_1_228' title='bbox 1166 3954 1290 4002; x_wconf 86' lang='lat' dir='ltr'>serena.</span> 
     </span>
     <span class='ocr_line' id='line_1_32' title="bbox 359 4055 1319 4146; baseline 0.006 -25"><span class='ocrx_word' id='word_1_229' title='bbox 359 4055 425 4122; x_wconf 82' lang='grc'>300</span> <span class='ocrx_word' id='word_1_230' title='bbox 450 4059 552 4140; x_wconf 93' lang='lat' dir='ltr'>prima</span> <span class='ocrx_word' id='word_1_231' title='bbox 578 4056 696 4125; x_wconf 90' lang='lat' dir='ltr'>caloris</span> <span class='ocrx_word' id='word_1_232' title='bbox 721 4057 833 4141; x_wconf 69' lang='lat' dir='ltr'>enims</span> <span class='ocrx_word' id='word_1_233' title='bbox 846 4078 921 4144; x_wconf 92' lang='lat' dir='ltr'>pars</span> <span class='ocrx_word' id='word_1_234' title='bbox 946 4067 977 4127; x_wconf 88' lang='lat' dir='ltr'>et</span> <span class='ocrx_word' id='word_1_235' title='bbox 1002 4066 1167 4146; x_wconf 87' lang='lat' dir='ltr'>postrema</span> <span class='ocrx_word' id='word_1_236' title='bbox 1194 4064 1319 4146; x_wconf 86' lang='lat' dir='ltr'>rigoris.</span> 
     </span>
     <span class='ocr_line' id='line_1_33' title="bbox 359 4180 1340 4266; baseline 0.006 -20"><span class='ocrx_word' id='word_1_237' title='bbox 359 4180 424 4246; x_wconf 89' lang='grc'>017</span> <span class='ocrx_word' id='word_1_238' title='bbox 450 4184 571 4266; x_wconf 91' lang='lat' dir='ltr'>quippe</span> <span class='ocrx_word' id='word_1_239' title='bbox 595 4183 748 4251; x_wconf 91' lang='lat' dir='ltr'>videmus</span> <span class='ocrx_word' id='word_1_240' title='bbox 772 4185 884 4262; x_wconf 67' lang='lat' dir='ltr'>enimi</span> <span class='ocrx_word' id='word_1_241' title='bbox 899 4189 1003 4252; x_wconf 90' lang='lat' dir='ltr'>vestis</span> <span class='ocrx_word' id='word_1_242' title='bbox 1029 4205 1141 4252; x_wconf 90' lang='lat' dir='ltr'>umore</span> <span class='ocrx_word' id='word_1_243' title='bbox 1167 4187 1340 4253; x_wconf 89' lang='lat' dir='ltr'>madentis.</span> 
     </span>
     <span class='ocr_line' id='line_1_34' title="bbox 360 4304 1186 4385; baseline 0.01 -15"><span class='ocrx_word' id='word_1_244' title='bbox 360 4304 423 4371; x_wconf 92' lang='grc'>701</span> <span class='ocrx_word' id='word_1_245' title='bbox 450 4308 481 4371; x_wconf 90' lang='lat' dir='ltr'>in</span> <span class='ocrx_word' id='word_1_246' title='bbox 509 4326 641 4375; x_wconf 90' lang='lat' dir='ltr'>summo</span> <span class='ocrx_word' id='word_1_247' title='bbox 667 4319 746 4375; x_wconf 91' lang='lat' dir='ltr'>sunt</span> <span class='ocrx_word' id='word_1_248' title='bbox 770 4312 889 4376; x_wconf 89' lang='lat' dir='ltr'>vertice</span> <span class='ocrx_word' id='word_1_249' title='bbox 913 4311 1025 4385; x_wconf 69' lang='lat' dir='ltr'>enims</span> <span class='ocrx_word' id='word_1_250' title='bbox 1038 4317 1186 4378; x_wconf 81' lang='lat' dir='ltr'>crateres,</span> 
     </span>
    </p>

    <p class='ocr_par' dir='ltr' id='par_1_14' title="bbox 360 4430 1205 4522">
     <span class='ocr_line' id='line_1_35' title="bbox 360 4430 1205 4522; baseline 0.012 -26"><span class='ocrx_word' id='word_1_251' title='bbox 360 4430 448 4497; x_wconf 93' lang='grc'>1020</span> <span class='ocrx_word' id='word_1_252' title='bbox 472 4435 594 4517; x_wconf 88' lang='lat' dir='ltr'>quippe</span> <span class='ocrx_word' id='word_1_253' title='bbox 618 4437 784 4519; x_wconf 86' lang='lat' dir='ltr'>agitantur</span> <span class='ocrx_word' id='word_1_254' title='bbox 807 4437 919 4511; x_wconf 72' lang='lat' dir='ltr'>enlm(</span> <span class='ocrx_word' id='word_1_255' title='bbox 933 4436 1039 4522; x_wconf 93' lang='lat' dir='ltr'>plagis</span> <span class='ocrx_word' id='word_1_256' title='bbox 1063 4437 1205 4506; x_wconf 89' lang='lat' dir='ltr'>aliunde.</span> 
     </span>
    </p>
   </div>
   <div class='ocr_carea' id='block_1_11' title="bbox 0 0 1684 5236">
    <p class='ocr_par' dir='ltr' id='par_1_15' title="bbox 0 0 1684 5236">
     <span class='ocr_line' id='line_1_36' title="bbox 0 0 1684 5236; baseline 0 0"><span class='ocrx_word' id='word_1_257' title='bbox 0 0 1684 5236; x_wconf 95' lang='lat' dir='ltr'> </span> 
     </span>
    </p>
   </div>
  </div>
 </body>
</html>
