3322 5236
838 369 880 439 14

352 589 416 656 730
450 606 509 655 nec
534 586 610 672 quid
637 586 753 654 dicatis
778 591 860 655 scire
885 607 944 656 nec
969 608 1020 655 me
1047 609 1104 652 cur
1125 588 1247 657 ludatis
1273 609 1422 675 possum.

351 697 416 764 736
451 700 578 762 noctem
605 695 703 760 buius
728 702 759 762 et
783 715 896 762 cenam
923 696 985 763 sibi
1011 704 1045 761 ot
1069 697 1173 764 dares.

351 805 416 871 749
449 803 615 870 horrescet
637 801 714 869 iaxo
739 803 819 883 lena,
845 804 933 887 leges
957 826 1046 889 quom
1071 805 1190 872 audiet

350 912 416 978 780
440 929 540 996 quom
567 909 670 990 133131,
693 916 725 976 13
748 910 904 977 nedicat.

351 1018 413 1085 801
448 1021 526 1083 vino
550 1019 664 1100 viginti
690 1016 762 1083 dies
785 1023 820 1080 ut
844 1025 958 1085 careat.

350 1127 416 1193 819
449 1124 593 1190 luxuriae
617 1128 772 1208 sumptus
798 1124 1007 1209 suppeditare
1032 1132 1066 1189 ιι1
1090 1130 1231 1210 possies.

351 1234 416 1300 839
450 1239 484 1298 ut
508 1234 602 1316 quasi
628 1230 700 1298 dies
723 1234 750 1294 ει·
774 1231 860 1298 dicta
885 1236 936 1298 sit.

350 1341 416 1407 848
449 1358 522 1405 cum
548 1339 609 1405 hac
633 1338 757 1404 annum
782 1345 816 1401 ut
840 1359 943 1406 esses.

350 1447 414 1515 914
448 1446 546 1531 atque
564 1449 684 1512 interea
701 1452 735 1509 ut
752 1445 991 1514 decumbamus
1009 1449 1166 1530 suadeb0,
1184 1451 1215 1516 hi
1234 1451 1309 1514 dum
1333 1453 1469 1536 litigant.

349 1557 415 1622 916
447 1555 478 1621 31
501 1553 564 1635 631,
589 1557 620 1619 in
648 1561 770 1637 partem
796 1555 857 1621 hac
881 1559 1003 1622 amanti
1029 1563 1062 1619 ut
1087 1557 1180 1624 liceat
1204 1561 1232 1625 ei
1259 1564 1398 1642 potirier.

280 1735 416 1802 113163
450 1751 511 1800 neu
538 1735 761 1816 persentiscat,
786 1753 900 1800 aurum
926 1735 979 1798 361
995 1743 1046 1802 351
1061 1736 1309 1805 absconditum.

371 1842 413 1908 75
448 1840 613 1925 probrum,
638 1843 820 1926 propinqua
846 1841 1010 1925 partitudo
1034 1845 1106 1926 quoi
1130 1847 1263 1928 appetit.

372 1949 415 2015 78
448 1946 590 2031 iungam,
615 1966 723 2013 meum
750 1948 867 2033 laqueo
891 1949 1010 2015 coiium
1036 1950 1160 2028 quondo
1185 1952 1400 2020 obstrinxero.

350 2056 415 2122 173
448 2054 546 2121 verba
569 2076 607 2117 ιιι
629 2053 741 2134 133135,
765 2073 867 2121 soror.

349 2164 414 2229 205
448 2164 490 2228 mi
516 2163 549 2223 dt
573 2160 788 2245 despondeat,
813 2181 887 2228 sese
912 2181 929 2228 a
955 2181 1007 2228 me
1032 2162 1168 2230 derideri
1195 2165 1324 2232 rebitur.
1424 2164 1429 2174 '

349 2270 415 2336 268
448 2276 483 2336 61
507 2288 582 2335 erus
606 2290 684 2353 quoe
707 2271 877 2352 imperavit
900 2268 985 2336 iacta
1010 2323 1016 2336 .
1040 2323 1047 2337 .
1072 2274 1166 2338 sient

349 2378 412 2444 301
447 2376 487 2443 63
512 2377 575 2443 sud
599 2375 703 2460 tigillo
727 2375 839 2442 iumus
863 2379 952 2461 siquo
976 2380 1041 2444 exit
1064 2377 1164 2445 ioras.

349 2503 414 2568 380
446 2502 572 2586 occepi:
595 2498 681 2566 iesto
706 2500 758 2566 die
781 2502 885 2585 siquid
909 2502 1126 2587 prodegeris!
1140 2504 1286 2587 profesto
1311 2558 1317 2572 .
1342 2559 1348 2573 .
1373 2560 1379 2573 .

348 2627 413 2693 384
446 2645 544 2711 quam
571 2625 719 2691 minumo
744 2632 877 2710 sumptu
902 2626 1004 2693 iiiiam
1031 2634 1064 2690 ut
1089 2633 1227 2713 nuptum
1253 2629 1373 2697 darem.

348 2751 414 2818 434
447 2769 498 2817 me
523 2749 611 2816 haud
638 2750 788 2832 paenitet,
812 2757 867 2818 tua
890 2773 929 2814 ne
951 2759 1110 2835 expetam.

348 2876 413 2943 439
446 2874 487 2941 36
511 2873 621 2940 iocum
647 2875 676 2935 ri
698 2874 846 2941 adesses.

347 3001 413 3067 443
445 3018 507 3082 ego
532 3005 563 3064 te
586 2997 703 3064 faciam
730 3001 934 3066 miserrimus
960 3002 1106 3067 mortaiis
1130 3005 1178 3065 ιι1ι·
1202 3006 1259 3070 sis.

347 3126 413 3193 493
446 3143 555 3191 mores
580 3124 731 3190 meliores
756 3125 819 3190 sibi
846 3127 958 3208 parent
983 3145 1041 3210 pro
1064 3127 1139 3194 dote
1155 3150 1230 3211 piros
1246 3127 1352 3195 ierant
1368 3150 1466 3214 quam

242 3253 329 3301 nunc
353 3232 470 3299 ierunt.
1129 3236 1131 3241 ’

347 3357 413 3423 494
447 3359 550 3439 pretio
573 3358 628 3440 qui
650 3363 807 3440 superant
831 3376 945 3441 equos,

347 3481 411 3547 541
447 3482 561 3565 prore
586 3483 724 3547 nitorem
749 3488 780 3547 et
804 3482 939 3565 gloriam
967 3501 1024 3566 pro
1049 3486 1143 3567 copia
1167 3486 1221 3568 qui
1244 3483 1374 3551 habent.

348 3605 411 3671 591
447 3605 497 3671 sin
524 3604 684 3686 dormitet,
709 3609 752 3671 ita
777 3604 938 3686 dormitet,
963 3626 1092 3674 servom
1119 3628 1155 3675 se
1179 3627 1254 3676 esse
1276 3616 1310 3672 ut
1339 3613 1468 3694 cogitet.

348 3731 414 3796 596
446 3729 574 3797 13311165
598 3736 633 3793 ut
657 3737 735 3796 nent
759 3737 790 3795 et
817 3738 971 3798 moveant
996 3751 1125 3800 manus.

348 3855 413 3920 619
446 3855 543 3939 atque
568 3854 619 3920 iric
644 3861 735 3938 pater
758 3862 808 3921 est
833 3863 867 3922 ut
891 3876 953 3940 ego
982 3860 1100 3940 opinor
1130 3857 1238 3938 huiuS,
1269 3878 1344 3925 erus
1374 3881 1467 3943 pamm

241 3968 338 4044 amat,
363 3959 535 4045 (virginis).

347 4087 413 4153 679
447 4085 586 4170 indeque
610 4085 796 4152 dbservabo
821 4106 935 4153 aurum
961 4087 1015 4150 ubi
1037 4087 1209 4155 abstrudat
1233 4109 1343 4157 senex.

348 4211 412 4279 707
447 4210 587 4296 indeque
611 4212 842 4295 exspectabam
868 4213 982 4278 aurum
1008 4213 1062 4276 361
1085 4212 1299 4281 abstrudebat
1323 4235 1434 4283 senex.

347 4338 413 4403 804
439 4355 524 4402 nunc
553 4337 683 4403 servom
716 4356 791 4404 esse
821 4337 876 4400 udi
905 4338 1010 4404 dicam
1048 4357 1156 4404 meum
1182 4338 1361 4407 Strobilum
1398 4360 1464 4408 non

241 4447 375 4529 reperio.
