3322 5236
865 357 909 424 40

386 608 430 675 40
465 610 493 674 si
519 625 585 673 non
610 606 693 674 lorle
717 613 792 673 tuas
809 607 957 691 legiones
983 626 1039 691 per
1063 606 1132 673 loca
1157 610 1263 691 campi

467 712 590 780 fervere
605 731 677 780 cum
702 713 817 781 videas
841 713 915 780 belli
941 712 1114 780 simulacra
1139 715 1264 780 cientis.

385 839 453 906 ida
487 837 817 905 lerverecumvideas
830 837 1110 924 classemlateque
1123 835 1499 928 uagari÷lil89,V137.

385 946 426 1013 57
475 944 648 1027 interdum,
672 945 739 1012 nilo
763 963 849 1030 quae
872 951 951 1012 sunt
968 943 1143 1011 metuenda
1168 947 1284 1029 magis.

385 1052 428 1120 87
454 1053 456 1059 '
475 1052 653 1121 durissima
676 1070 763 1137 puae
786 1057 861 1119 sint.

386 1159 451 1227 110
485 1159 632 1227 conciliis
658 1178 763 1226 rerum
788 1164 976 1244 quaesunt
1000 1161 1126 1226 relecta.

384 1268 449 1335 171
486 1271 518 1334 et
541 1269 605 1333 iam
630 1272 744 1348 cetera,
769 1266 923 1333 mortales
946 1283 1033 1350 quoe
1055 1264 1174 1332 suadet
1197 1265 1296 1332 adire.

386 1375 452 1442 175
723 1392 862 1458 quorum
888 1377 1000 1440 omnia
1024 1392 1124 1440 causa

490 1483 706 1549 constituisse
730 1481 813 1548 deos
836 1499 909 1548 cum
932 1478 1073 1566 lingunt,
1098 1480 1244 1547 omnibu’
1269 1480 1377 1546 rebus.

385 1607 451 1674 230
486 1624 562 1672 narn
588 1625 645 1690 per
668 1624 773 1690 aquas
796 1623 1020 1690 quaecumque
1043 1604 1173 1671 cadunt.

386 1707 452 1780 238
486 1715 597 1780 omnia
620 1719 821 1797 quopropter
842 1712 965 1779 debent
989 1731 1045 1796 per
1069 1715 1166 1779 inane
1268 1710 1352 1795 leni.

386 1820 452 1887 248
487 1839 527 1887 ex
551 1838 672 1904 supero
695 1837 768 1886 cum
793 1822 1015 1904 praecipitant.

386 1927 452 1995 378
488 1932 602 1994 natura
637 1927 793 2011 quoniam
829 1932 984 1993 constant
1025 1944 1132 2008 neque
1166 1924 1251 1992 lacta
1283 1944 1381 1991 manu
1414 1929 1501 1990 sunt.
1571 2005 1577 2016 .

386 2034 451 2101 422
486 2035 597 2125 omnis
621 2035 718 2115 enim,
743 2051 865 2099 sensus
888 2050 975 2117 quae
998 2032 1118 2098 mulcet
1140 2050 1284 2116 eumque,
1307 2030 1427 2118 ligura.

352 2214 353 2217 ,
385 2140 459 2216 430
486 2139 591 2208 fecula
616 2143 680 2207 iam
703 2157 770 2225 ouo
792 2139 974 2224 degenere
997 2145 1049 2205 est
1073 2137 1246 2222 inulaeque
1271 2156 1417 2222 sapores.

385 2247 452 2315 438
486 2253 544 2314 aut
567 2265 606 2314 ex
630 2245 763 2313 ollensu
788 2264 860 2313 cum
884 2245 1017 2312 turbant
1041 2263 1176 2329 corpore
1201 2247 1232 2310 in
1259 2247 1341 2328 ipso.

317 2340 320 2345 ¹
386 2354 452 2421 460
487 2372 633 2440 pungere
655 2353 705 2420 uti
726 2355 858 2438 possint
882 2371 1012 2437 corpus.

386 2462 453 2529 470
488 2461 635 2547 ρτονοΙνὶ
661 2461 758 2527 simui
784 2467 820 2527 ut
842 2462 975 2545 possint
998 2464 1030 2526 et
1054 2459 1180 2525 laedere
1205 2477 1336 2525 sensus.

386 2569 452 2636 403
487 2568 626 2636 assimili
652 2570 777 2634 ratione
800 2568 883 2634 alias
907 2573 943 2633 ut
967 2567 1111 2651 postulet
1135 2565 1226 2632 ordo.

387 2676 453 2742 525
493 2678 613 2742 etenim
638 2675 795 2741 distantia
819 2692 891 2740 cum
916 2677 960 2739 sit
982 2672 1161 2739 formarum
1186 2671 1288 2739 linita.

386 2781 450 2848 541
488 2781 546 2848 sed
572 2786 683 2848 tamen
708 2779 739 2846 id
765 2798 896 2866 quoque
921 2780 971 2846 uti
992 2779 1181 2847 concedam.

387 2887 453 2954 544
487 2887 615 2955 infinita
639 2893 750 2954 tamen
774 2887 842 2953 nisi
863 2889 923 2953 erit
946 2889 998 2952 vis
1023 2888 1177 2953 materiai.

333 3065 336 3072 A
389 2995 455 3062 555
490 3013 547 3080 per
564 2999 721 3061 terrarum
734 2997 844 3060 omnis
858 3013 933 3060 oras
949 2992 1113 3060 fluitantia
1128 2993 1258 3077 aplusta

481 3108 518 3168 ut
533 3101 714 3168 videantur.

388 3227 453 3294 563
489 3245 669 3312 numquam
696 3229 728 3292 ln
753 3226 928 3293 concilium
953 3232 989 3293 ut
1012 3229 1144 3311 possint
1168 3225 1328 3310 conpulsa
1353 3229 1447 3292 coire.

387 3333 451 3400 501
493 3351 680 3418 <corpora
705 3336 862 3418 prima>
889 3333 996 3411 habet,
1017 3336 1111 3418 ignes
1136 3333 1221 3400 unde
1244 3335 1398 3399 oriantur.

387 3440 451 3507 607
487 3442 616 3522 eximiis
641 3443 767 3507 munita
792 3439 873 3507 locis
897 3441 977 3525 puio
993 3443 1136 3507 sustinet
1161 3440 1261 3507 urbis.

387 3547 453 3614 622
489 3550 635 3632 ingratos
652 3550 783 3615 animos
800 3552 898 3633 atque
924 3550 1022 3633 impia
1049 3553 1178 3632 pectora
1201 3548 1288 3632 vulgi

489 3660 670 3721 conterrere
695 3661 783 3722 metu
807 3672 893 3739 quae
917 3657 1049 3739 possint
1073 3655 1210 3721 numini'
1235 3654 1338 3722 divae.

387 3760 454 3829 620
489 3760 623 3830 Curetas
648 3765 781 3828 nomine
806 3761 880 3828 Grai
893 3764 996 3847 iquos
1021 3768 1205 3847 memorant
1230 3762 1396 3848 Phrygios.

388 3886 453 3953 606
488 3889 536 3954 sic
566 3886 639 3953 aliis
672 3889 703 3952 in
736 3886 835 3956 rebus
866 3889 942 3953 item
974 3890 1162 3954 communia
1188 3887 1290 3954 multa

482 3993 656 4060 multarum
685 4013 789 4060 rerum
815 4011 888 4060 cum
913 3996 981 4060 sint
1004 3994 1191 4079 primordia.

388 4117 454 4185 760
490 4121 600 4203 magni
624 4118 716 4203 quod
736 4117 840 4187 relect.

388 4225 452 4292 831
488 4224 605 4292 filatim
629 4242 702 4292 curn
726 4225 919 4291 distractum
945 4235 1003 4292 est

390 4331 457 4398 852
492 4351 590 4418 quam
617 4334 751 4398 minime
775 4339 812 4398 ut
834 4335 942 4416 possit
966 4336 1087 4400 mixtos
1112 4338 1144 4400 in
1170 4354 1305 4420 corpore
1329 4336 1458 4404 odores.
1588 4372 1591 4379 .

387 4438 454 4505 868
488 4457 548 4505 nec
572 4445 684 4506 contra
714 4448 871 4524 pugnant,
903 4442 936 4505 in
968 4448 1121 4525 promptu
1152 4446 1282 4527 cognita
1306 4460 1392 4527 puae
1416 4450 1503 4511 sunt.
