3360 5236
686 382 898 481 ,m-

177 599 261 665 ilor.
287 607 347 695 sat.
372 599 379 663 Ι
406 600 475 668 1025
501 605 633 681 experto
657 597 776 664 trustra
802 598 946 664 Varrone
971 598 1107 662 Atacino
1135 601 1233 679 atque
1265 557 1404 679 quibus-

284 706 360 771 dam
385 706 458 770 aliis
484 706 600 771 melius
624 705 715 789 prrod
736 706 877 771 scribere
902 724 1046 788 possem.

178 829 282 915 Prop.
308 829 328 895 ll
353 830 422 900 22⁴⁶
443 830 554 895 subito
570 831 667 914 siquo
683 834 792 895 venire
811 836 916 913 negat,
941 829 973 894 lll
992 829 1039 898 in
1060 829 1102 894 nil
1121 829 1178 894 udi
1192 829 1269 895 llere
1287 834 1404 911 potest.

179 937 280 1002 Aetna
304 938 370 1003 453
404 936 581 1003 manifesto
605 943 642 1004 ut
663 938 792 1004 credere
817 940 939 1020 possis.

284 1205 389 1270 niuno
414 1208 517 1271 rarius
542 1225 640 1290 quam
665 1212 741 1271 ante
766 1204 901 1271 verbum
931 1210 1192 1287 transponuntur
1220 1206 1402 1269 coniuncti-

178 1331 259 1378 ones
295 1320 326 1379 et
360 1333 540 1396 pronomen
578 1312 746 1379 relativum
785 1320 860 1395 post
894 1311 1046 1391 uerbum;
1080 1318 1177 1395 atquc
1203 1331 1279 1376 cum
1307 1311 1404 1394 longe

178 1419 326 1502 plurimis
352 1423 383 1485 in
409 1420 567 1502 exemplis
593 1427 669 1503 post
694 1423 802 1503 ipsum
829 1418 963 1485 uerbum
982 1420 1089 1484 locum
1108 1437 1205 1484 suum
1224 1418 1403 1496 obtineant,

178 1526 339 1591 interdum
382 1530 463 1592 inter
501 1526 636 1592 verbum
677 1532 707 1592 et
747 1529 1011 1592 coniunctionem
1052 1525 1115 1591 alia
1156 1527 1276 1590 inserta
1317 1530 1403 1589 sunt.

177 1633 307 1716 Antiqui
333 1653 409 1699 vero
435 1641 550 1717 poetae
576 1632 676 1698 Latini
703 1632 762 1698 hac
787 1635 975 1698 traiectione
1002 1651 1066 1698 non
1094 1634 1143 1697 usi
1170 1638 1260 1697 sunt:
1297 1650 1402 1714 neque

177 1743 208 1804 in
234 1746 282 1805 tot
307 1740 416 1806 Naeuii
443 1740 535 1805 Ennii
562 1740 689 1805 Pacuuii
725 1740 809 1805 Accii
846 1739 1015 1822 Pomponii
1051 1739 1196 1822 reliquiis
1230 1757 1336 1821 neque
1370 1740 1400 1802 in

177 1847 277 1912 Plauti
303 1855 333 1913 et
357 1846 495 1912 Terentii
521 1847 703 1912 comoediis
728 1846 802 1911 talis
827 1848 1026 1911 traiectionis
1044 1844 1229 1928 exemplum
1247 1845 1400 1910 traditum

175 1961 234 2019 est.
290 1953 353 2020 Sed
379 1959 463 2020 certe
494 1952 821 2018 animadvertendum
848 1958 898 2017 est
930 1954 961 2016 in
987 1951 1054 2017 Ter.
1078 1951 1153 2017 llec.
1177 1950 1220 2016 60

282 2061 331 2126 vel
369 2061 420 2126 hic
457 2060 645 2143 Pamphilus
681 2059 806 2125 iurabat
840 2059 991 2143 quotiens
1023 2058 1172 2123 Bacchidi

178 2164 371 2251 ‚‚qu0tiens“
400 2169 589 2250 particulam
616 2169 880 2250 interrogativam
907 2169 937 2230 in
965 2168 1128 2231 sententia
1150 2167 1300 2248 primaria
1326 2172 1402 2248 post

175 2275 310 2340 verbum
329 2277 493 2339 traiectam
518 2293 602 2339 esse.
650 2273 790 2338 Primum
816 2278 925 2338 autem
951 2272 1135 2355 exemplum
1158 2274 1401 2338 coniunctionis

175 2388 251 2463 post
268 2380 402 2446 verbum
422 2399 590 2464 repressae
606 2382 793 2445 invenimus
818 2378 905 2462 apud
920 2378 1094 2446 Caecilium
1112 2379 1252 2445 Statium
1274 2377 1311 2445 ir.
1329 2378 1401 2458 137,

175 2490 202 2552 si
228 2487 360 2572 quidem
387 2494 470 2553 recte
494 2486 634 2552 traditus
658 2492 710 2553 est
733 2506 863 2553 uersus:

282 2595 473 2661 habuissem
501 2595 689 2679 ingeniosi
711 2591 812 2676 stolnl
837 2602 1002 2660 amatores
1027 2594 1114 2659 mihi.

279 2702 361 2767 Tum
399 2704 430 2766 ln
464 2702 572 2767 Lucilii
609 2709 640 2768 et
670 2700 835 2768 Ciceronis
872 2702 1016 2785 reliquiis
1052 2708 1084 2766 et
1120 2704 1151 2765 in
1183 2699 1297 2768 Catulli
1332 2720 1401 2766 car-

175 2809 320 2876 minibus
355 2827 458 2892 pauca
483 2813 609 2873 tantum
636 2814 767 2874 exstant
790 2808 947 2891 exempla.
1001 2808 1065 2873 lam
1097 2826 1174 2874 vero
1207 2811 1239 2873 in
1267 2807 1399 2874 lucretii

174 2915 264 2983 libris
290 2914 390 2981 multa
425 2915 524 2980 huius
557 2917 829 2998 transpositionis
865 2915 1012 2997 exempla
1048 2914 1200 2998 leguntur
1231 2920 1264 2980 et
1291 2934 1401 2981 recen-

173 3026 273 3089 tiores
299 3042 397 3106 saepe
414 3021 469 3087 tali
487 3041 604 3088 vocum
631 3023 744 3088 ordine
764 3025 813 3087 usi
840 3030 926 3087 sunt.
973 3021 1078 3105 Atque
1104 3025 1244 3103 primum
1267 3023 1399 3106 quidem

174 3149 232 3196 eos
247 3130 450 3213 proferemus
464 3150 589 3210 versus
604 3133 635 3194 in
650 3130 771 3213 quibus
786 3136 862 3212 post
876 3133 984 3212 ipsum
999 3129 1134 3195 verbum
1149 3131 1400 3195 coniunctiones

63 3319 67 3325 ,
173 3243 205 3303 et
229 3256 319 3320 pron.
345 3238 397 3304 rel,
428 3238 585 3303 collocata
603 3241 689 3316 sunt,
706 3235 825 3301 deinde
842 3255 909 3315 eos,
928 3240 958 3301 in
977 3236 1099 3320 quibus
1117 3238 1199 3301 inter
1216 3235 1350 3302 verbum
1369 3242 1401 3301 et

173 3347 423 3412 coniunctiones
447 3346 529 3411 aliae
554 3362 652 3410 voces
679 3346 819 3408 insertae
844 3349 930 3408 sunt.

175 3469 205 3550 1)
243 3468 352 3536 Lucil.
376 3471 461 3536 1051
497 3476 627 3535 centum
653 3488 690 3534 ac
715 3469 891 3534 ducentum
918 3468 1094 3551 possideas
1117 3468 1270 3535 similia.

173 3575 241 3644 Cic.
267 3577 341 3643 hrat
367 3578 427 3643 101
455 3577 580 3642 uiribus
605 3579 744 3660 erumpit
768 3595 834 3659 quo
859 3579 980 3641 summi
1006 3579 1142 3659 spiritus
1167 3576 1285 3642 Austri.

173 3683 270 3751 lucr.
285 3684 372 3751 1302
389 3688 536 3769 corporis
550 3683 696 3750 oilicium
712 3690 762 3749 est
777 3684 934 3767 quonium
951 3702 1095 3767 premere
1109 3687 1220 3749 omnia
1234 3684 1398 3750 deorsum.
1445 3720 1448 3727 ·

300 3793 366 3858 038
399 3791 580 3859 lleraclitus
606 3794 665 3857 init
688 3810 826 3875 quorum
851 3790 916 3856 dux
942 3791 1063 3873 proelia
1089 3793 1200 3874 prima.

301 3900 366 3966 780
399 3903 540 3967 emineat
563 3898 691 3983 nequid,
715 3899 803 3982 quod
829 3904 941 3964 contra
967 3904 1099 3982 pugnet.

279 4005 366 4074 1040
399 4007 513 4073 desine
536 4011 738 4091 quapropter
759 4008 903 4071 novitate
928 4009 1099 4072 exterritus
1124 4008 1204 4088 ipsa.

217 4114 249 4179 lll
282 4114 368 4179 1065
400 4117 505 4199 tetigit
528 4132 601 4181 cum
625 4115 736 4179 limina
761 4113 864 4178 villae.

216 4220 256 4287 lV
301 4221 367 4287 300
399 4220 438 4286 iit
463 4224 514 4302 ita,
539 4227 614 4287 ante
639 4220 754 4287 oculos
778 4217 876 4285 luerit
898 4221 957 4303 qui
978 4221 1097 4286 dexter.

300 4327 365 4393 525
399 4331 564 4394 insinuata
589 4347 651 4393 suo
677 4327 828 4411 pepulere
853 4327 910 4391 odi
931 4346 1065 4410 corpore
1090 4347 1237 4393 sensum.

300 4435 365 4501 740
399 4433 485 4500 nulla
510 4434 573 4500 iuit
594 4436 750 4518 quonium
774 4434 848 4499 talis
874 4441 997 4500 natura.

227 4541 255 4610 V
300 4542 365 4608 414
399 4561 438 4609 ex
463 4542 592 4610 infinito
616 4541 720 4609 iuerat
743 4557 965 4626 quoecumque
988 4547 1107 4608 coorta.
