<?xml version="1.0" encoding="UTF-8"?>
<!DOCTYPE html PUBLIC "-//W3C//DTD XHTML 1.0 Transitional//EN"
    "http://www.w3.org/TR/xhtml1/DTD/xhtml1-transitional.dtd">
<html xmlns="http://www.w3.org/1999/xhtml" xml:lang="en" lang="en">
 <head>
  <title>
</title>
<meta http-equiv="Content-Type" content="text/html;charset=utf-8" />
  <meta name='ocr-system' content='tesseract 3.04.00' />
  <meta name='ocr-capabilities' content='ocr_page ocr_carea ocr_par ocr_line ocrx_word'/>
</head>
<body>
  <div class='ocr_page' id='page_1' title='image "./detraiectioneco00schugoog_0071.png"; bbox 0 0 3360 5236; ppageno 0'>
   <div class='ocr_carea' id='block_1_1' title="bbox 787 370 999 467">
    <p class='ocr_par' dir='ltr' id='par_1_1' title="bbox 787 370 999 467">
     <span class='ocr_line' id='line_1_1' title="bbox 787 370 999 467; baseline 0 -33"><span class='ocrx_word' id='word_1_1' title='bbox 787 370 999 467; x_wconf 70' lang='grc'>68-</span> 
     </span>
    </p>
   </div>
   <div class='ocr_carea' id='block_1_2' title="bbox 276 571 1506 2171">
    <p class='ocr_par' dir='ltr' id='par_1_2' title="bbox 279 571 1506 883">
     <span class='ocr_line' id='line_1_2' title="bbox 279 571 1504 668; baseline -0.001 -18"><span class='ocrx_word' id='word_1_2' title='bbox 279 571 394 651; x_wconf 81' lang='lat' dir='ltr'>Pseud.</span> <span class='ocrx_word' id='word_1_3' title='bbox 430 585 496 650; x_wconf 95' lang='grc'>599</span> <span class='ocrx_word' id='word_1_4' title='bbox 519 591 642 650; x_wconf 83' lang='grc'>66666</span> <span class='ocrx_word' id='word_1_5' title='bbox 658 584 718 668; x_wconf 78' lang='lat' dir='ltr'>qui</span> <span class='ocrx_word' id='word_1_6' title='bbox 741 584 771 650; x_wconf 92' lang='lat' dir='ltr'>id</span> <span class='ocrx_word' id='word_1_7' title='bbox 791 584 869 650; x_wconf 86' lang='lat' dir='ltr'>milri</span> <span class='ocrx_word' id='word_1_8' title='bbox 895 584 1001 651; x_wconf 90' lang='lat' dir='ltr'>iaciat.</span> <span class='ocrx_word' id='word_1_9' title='bbox 1040 584 1105 649; x_wconf 98' lang='grc'>660</span> <span class='ocrx_word' id='word_1_10' title='bbox 1131 583 1206 651; x_wconf 87' lang='lat' dir='ltr'>inde</span> <span class='ocrx_word' id='word_1_11' title='bbox 1222 588 1258 649; x_wconf 88' lang='lat' dir='ltr'>ut</span> <span class='ocrx_word' id='word_1_12' title='bbox 1275 602 1326 650; x_wconf 88' lang='lat' dir='ltr'>me</span> <span class='ocrx_word' id='word_1_13' title='bbox 1343 602 1504 650; x_wconf 82' lang='lat' dir='ltr'>accersas</span> 
     </span>
     <span class='ocr_line' id='line_1_3' title="bbox 385 690 1506 775; baseline 0.002 -19"><span class='ocrx_word' id='word_1_14' title='bbox 385 690 450 757; x_wconf 91' lang='grc'>689</span> <span class='ocrx_word' id='word_1_15' title='bbox 486 691 537 757; x_wconf 90' lang='lat' dir='ltr'>lnc</span> <span class='ocrx_word' id='word_1_16' title='bbox 555 691 655 757; x_wconf 91' lang='lat' dir='ltr'>modo</span> <span class='ocrx_word' id='word_1_17' title='bbox 671 692 762 775; x_wconf 81' lang='lat' dir='ltr'>quod</span> <span class='ocrx_word' id='word_1_18' title='bbox 776 693 887 758; x_wconf 79' lang='lat' dir='ltr'>subito</span> <span class='ocrx_word' id='word_1_19' title='bbox 905 699 1113 758; x_wconf 88' lang='lat' dir='ltr'>commentus</span> <span class='ocrx_word' id='word_1_20' title='bbox 1130 690 1186 757; x_wconf 88' lang='lat' dir='ltr'>lur</span> <span class='ocrx_word' id='word_1_21' title='bbox 1222 690 1296 756; x_wconf 83' lang='lat'>737.</span> <span class='ocrx_word' id='word_1_22' title='bbox 1328 690 1401 757; x_wconf 83' lang='lat'>765</span> <span class='ocrx_word' id='word_1_23' title='bbox 1432 691 1506 758; x_wconf 87' lang='grc'>910.</span> 
     </span>
     <span class='ocr_line' id='line_1_4' title="bbox 389 799 1169 883; baseline -0.001 -18"><span class='ocrx_word' id='word_1_24' title='bbox 389 799 476 865; x_wconf 89' lang='grc'>1069</span> <span class='ocrx_word' id='word_1_25' title='bbox 512 799 609 865; x_wconf 84' lang='lat' dir='ltr'>lrodie&#39;</span> <span class='ocrx_word' id='word_1_26' title='bbox 633 818 718 883; x_wconf 77' lang='lat' dir='ltr'>quus</span> <span class='ocrx_word' id='word_1_27' title='bbox 741 806 839 882; x_wconf 92' lang='lat' dir='ltr'>apst</span> <span class='ocrx_word' id='word_1_28' title='bbox 827 800 880 866; x_wconf 90' lang='lat' dir='ltr'>ted</span> <span class='ocrx_word' id='word_1_29' title='bbox 906 806 957 866; x_wconf 89' lang='lat' dir='ltr'>est</span> <span class='ocrx_word' id='word_1_30' title='bbox 982 800 1169 883; x_wconf 90' lang='lat' dir='ltr'>stipulatus.</span> 
     </span>
    </p>

    <p class='ocr_par' dir='ltr' id='par_1_3' title="bbox 385 905 1141 1099">
     <span class='ocr_line' id='line_1_5' title="bbox 390 905 1093 991; baseline 0.001 -20"><span class='ocrx_word' id='word_1_31' title='bbox 390 905 476 972; x_wconf 91' lang='grc'>1216</span> <span class='ocrx_word' id='word_1_32' title='bbox 512 907 701 990; x_wconf 85' lang='lat' dir='ltr'>symbolum</span> <span class='ocrx_word' id='word_1_33' title='bbox 725 908 785 991; x_wconf 76' lang='lat' dir='ltr'>aui</span> <span class='ocrx_word' id='word_1_34' title='bbox 807 908 848 973; x_wconf 91' lang='lat' dir='ltr'>ab</span> <span class='ocrx_word' id='word_1_35' title='bbox 874 908 935 973; x_wconf 87' lang='lat' dir='ltr'>lroc</span> <span class='ocrx_word' id='word_1_36' title='bbox 960 910 1093 991; x_wconf 89' lang='lat' dir='ltr'>accepit.</span> 
     </span>
     <span class='ocr_line' id='line_1_6' title="bbox 385 1013 1141 1099; baseline 0 -20"><span class='ocrx_word' id='word_1_37' title='bbox 385 1013 471 1080; x_wconf 92' lang='grc'>1267</span> <span class='ocrx_word' id='word_1_38' title='bbox 507 1014 628 1080; x_wconf 89' lang='lat' dir='ltr'>victum</span> <span class='ocrx_word' id='word_1_39' title='bbox 655 1021 797 1081; x_wconf 86' lang='lat' dir='ltr'>ceterum</span> <span class='ocrx_word' id='word_1_40' title='bbox 823 1016 939 1099; x_wconf 80' lang='lat' dir='ltr'>nepur&#39;s</span> <span class='ocrx_word' id='word_1_41' title='bbox 964 1035 1015 1080; x_wconf 94' lang='lat' dir='ltr'>me</span> <span class='ocrx_word' id='word_1_42' title='bbox 1041 1019 1141 1097; x_wconf 86' lang='lat' dir='ltr'>rogel.</span> 
     </span>
    </p>

    <p class='ocr_par' dir='ltr' id='par_1_4' title="bbox 278 1120 1345 1206">
     <span class='ocr_line' id='line_1_7' title="bbox 278 1120 1345 1206; baseline -0.001 -18"><span class='ocrx_word' id='word_1_43' title='bbox 278 1120 359 1189; x_wconf 86' lang='lat' dir='ltr'>Rud.</span> <span class='ocrx_word' id='word_1_44' title='bbox 383 1121 448 1186; x_wconf 82' lang='lat'>528</span> <span class='ocrx_word' id='word_1_45' title='bbox 484 1140 557 1186; x_wconf 92' lang='lat' dir='ltr'>cum</span> <span class='ocrx_word' id='word_1_46' title='bbox 583 1124 790 1187; x_wconf 87' lang='lat' dir='ltr'>vestimentis</span> <span class='ocrx_word' id='word_1_47' title='bbox 812 1128 989 1206; x_wconf 74' lang='lat' dir='ltr'>postquam</span> <span class='ocrx_word' id='word_1_48' title='bbox 1013 1141 1074 1204; x_wconf 92' lang='lat' dir='ltr'>aps</span> <span class='ocrx_word' id='word_1_49' title='bbox 1099 1134 1130 1187; x_wconf 90' lang='lat' dir='ltr'>te</span> <span class='ocrx_word' id='word_1_50' title='bbox 1154 1122 1229 1186; x_wconf 92' lang='lat' dir='ltr'>abii.</span> <span class='ocrx_word' id='word_1_51' title='bbox 1272 1120 1345 1187; x_wconf 91' lang='grc'>965.</span> 
     </span>
    </p>

    <p class='ocr_par' dir='ltr' id='par_1_5' title="bbox 277 1227 938 1311">
     <span class='ocr_line' id='line_1_8' title="bbox 277 1227 938 1311; baseline 0 -17"><span class='ocrx_word' id='word_1_52' title='bbox 277 1228 456 1295; x_wconf 79' lang='grc'>81166603</span> <span class='ocrx_word' id='word_1_53' title='bbox 491 1227 589 1293; x_wconf 91' lang='lat' dir='ltr'>hodie</span> <span class='ocrx_word' id='word_1_54' title='bbox 615 1235 650 1293; x_wconf 89' lang='lat' dir='ltr'>ut</span> <span class='ocrx_word' id='word_1_55' title='bbox 674 1228 762 1293; x_wconf 91' lang='lat' dir='ltr'>illurn</span> <span class='ocrx_word' id='word_1_56' title='bbox 789 1229 938 1311; x_wconf 89' lang='lat' dir='ltr'>decipiat.</span> 
     </span>
    </p>

    <p class='ocr_par' dir='ltr' id='par_1_6' title="bbox 276 1335 1072 1402">
     <span class='ocr_line' id='line_1_9' title="bbox 276 1335 1072 1402; baseline 0.003 -2"><span class='ocrx_word' id='word_1_57' title='bbox 276 1335 368 1401; x_wconf 84' lang='lat' dir='ltr'>Truc.</span> <span class='ocrx_word' id='word_1_58' title='bbox 392 1335 458 1400; x_wconf 93' lang='grc'>396</span> <span class='ocrx_word' id='word_1_59' title='bbox 495 1339 717 1401; x_wconf 84' lang='lat' dir='ltr'>revorsionern</span> <span class='ocrx_word' id='word_1_60' title='bbox 743 1343 778 1401; x_wconf 93' lang='lat' dir='ltr'>ut</span> <span class='ocrx_word' id='word_1_61' title='bbox 801 1336 841 1401; x_wconf 91' lang='lat' dir='ltr'>ad</span> <span class='ocrx_word' id='word_1_62' title='bbox 869 1356 919 1402; x_wconf 91' lang='lat' dir='ltr'>me</span> <span class='ocrx_word' id='word_1_63' title='bbox 944 1338 1072 1402; x_wconf 88' lang='lat' dir='ltr'>laceret.</span> 
     </span>
    </p>

    <p class='ocr_par' dir='ltr' id='par_1_7' title="bbox 276 1442 1484 2171">
     <span class='ocr_line' id='line_1_10' title="bbox 384 1442 1246 1527; baseline 0.001 -20"><span class='ocrx_word' id='word_1_64' title='bbox 384 1442 447 1508; x_wconf 93' lang='grc'>437</span> <span class='ocrx_word' id='word_1_65' title='bbox 485 1442 749 1525; x_wconf 84' lang='lat' dir='ltr'>suppositionem</span> <span class='ocrx_word' id='word_1_66' title='bbox 777 1446 865 1525; x_wconf 91' lang='lat' dir='ltr'>pueri</span> <span class='ocrx_word' id='word_1_67' title='bbox 890 1443 1078 1527; x_wconf 78' lang='lat' dir='ltr'>quaemihi</span> <span class='ocrx_word' id='word_1_68' title='bbox 1104 1443 1246 1509; x_wconf 85' lang='lat' dir='ltr'>credidit</span> 
     </span>
     <span class='ocr_line' id='line_1_11' title="bbox 383 1549 1484 1633; baseline 0 -18"><span class='ocrx_word' id='word_1_69' title='bbox 383 1549 450 1615; x_wconf 90' lang='grc'>430</span> <span class='ocrx_word' id='word_1_70' title='bbox 486 1555 521 1615; x_wconf 94' lang='lat' dir='ltr'>ut</span> <span class='ocrx_word' id='word_1_71' title='bbox 545 1556 697 1633; x_wconf 89' lang='lat' dir='ltr'>proporet</span> <span class='ocrx_word' id='word_1_72' title='bbox 722 1551 834 1631; x_wconf 83' lang='lat' dir='ltr'>suade,</span> <span class='ocrx_word' id='word_1_73' title='bbox 861 1554 923 1616; x_wconf 91' lang='lat' dir='ltr'>iarn</span> <span class='ocrx_word' id='word_1_74' title='bbox 949 1558 985 1616; x_wconf 88' lang='lat' dir='ltr'>ut</span> <span class='ocrx_word' id='word_1_75' title='bbox 1008 1554 1090 1617; x_wconf 91' lang='lat' dir='ltr'>satis</span> <span class='ocrx_word' id='word_1_76' title='bbox 1116 1551 1236 1617; x_wconf 84' lang='lat' dir='ltr'>laverit.</span> <span class='ocrx_word' id='word_1_77' title='bbox 1290 1549 1363 1615; x_wconf 93' lang='grc'>500.</span> <span class='ocrx_word' id='word_1_78' title='bbox 1410 1549 1484 1615; x_wconf 91' lang='grc'>737.</span> 
     </span>
     <span class='ocr_line' id='line_1_12' title="bbox 383 1657 842 1740; baseline 0.002 -18"><span class='ocrx_word' id='word_1_79' title='bbox 383 1657 449 1722; x_wconf 89' lang='grc'>863</span> <span class='ocrx_word' id='word_1_80' title='bbox 484 1676 601 1740; x_wconf 82' lang='lat' dir='ltr'>operae</span> <span class='ocrx_word' id='word_1_81' title='bbox 627 1657 748 1722; x_wconf 77' lang='lat' dir='ltr'>ultimi</span> <span class='ocrx_word' id='word_1_82' title='bbox 774 1661 842 1723; x_wconf 89' lang='lat' dir='ltr'>erit.</span> 
     </span>
     <span class='ocr_line' id='line_1_13' title="bbox 276 1763 1294 1848; baseline 0.002 -20"><span class='ocrx_word' id='word_1_83' title='bbox 276 1763 428 1830; x_wconf 83' lang='grc'>76679</span> <span class='ocrx_word' id='word_1_84' title='bbox 464 1765 688 1847; x_wconf 74' lang='lat' dir='ltr'>suspicionem</span> <span class='ocrx_word' id='word_1_85' title='bbox 715 1772 747 1830; x_wconf 91' lang='lat' dir='ltr'>et</span> <span class='ocrx_word' id='word_1_86' title='bbox 771 1765 900 1848; x_wconf 90' lang='lat' dir='ltr'>culpam</span> <span class='ocrx_word' id='word_1_87' title='bbox 926 1771 962 1829; x_wconf 86' lang='lat' dir='ltr'>ut</span> <span class='ocrx_word' id='word_1_88' title='bbox 984 1765 1025 1830; x_wconf 90' lang='lat' dir='ltr'>ab</span> <span class='ocrx_word' id='word_1_89' title='bbox 1050 1784 1086 1830; x_wconf 90' lang='lat' dir='ltr'>se</span> <span class='ocrx_word' id='word_1_90' title='bbox 1112 1769 1294 1847; x_wconf 82' lang='lat' dir='ltr'>segregent.</span> 
     </span>
     <span class='ocr_line' id='line_1_14' title="bbox 383 1870 996 1956; baseline 0.002 -20"><span class='ocrx_word' id='word_1_91' title='bbox 383 1870 448 1936; x_wconf 89' lang='grc'>423</span> <span class='ocrx_word' id='word_1_92' title='bbox 484 1878 575 1955; x_wconf 92' lang='lat' dir='ltr'>pater</span> <span class='ocrx_word' id='word_1_93' title='bbox 598 1890 697 1955; x_wconf 80' lang='lat' dir='ltr'>quom</span> <span class='ocrx_word' id='word_1_94' title='bbox 723 1892 854 1956; x_wconf 83' lang='lat' dir='ltr'>peregre</span> <span class='ocrx_word' id='word_1_95' title='bbox 880 1875 996 1938; x_wconf 85' lang='lat' dir='ltr'>ueniet.</span> 
     </span>
     <span class='ocr_line' id='line_1_15' title="bbox 384 1978 959 2045; baseline 0.002 -1"><span class='ocrx_word' id='word_1_96' title='bbox 384 1978 448 2044; x_wconf 84' lang='lat'>754</span> <span class='ocrx_word' id='word_1_97' title='bbox 485 1982 631 2045; x_wconf 91' lang='lat' dir='ltr'>sonitum</span> <span class='ocrx_word' id='word_1_98' title='bbox 657 1997 697 2045; x_wconf 87' lang='lat' dir='ltr'>ne</span> <span class='ocrx_word' id='word_1_99' title='bbox 722 1979 772 2044; x_wconf 90' lang='lat' dir='ltr'>ille</span> <span class='ocrx_word' id='word_1_100' title='bbox 798 1979 959 2045; x_wconf 87' lang='lat' dir='ltr'>exaudiat.</span> 
     </span>
     <span class='ocr_line' id='line_1_16' title="bbox 278 2085 1258 2171; baseline 0 -21"><span class='ocrx_word' id='word_1_101' title='bbox 278 2085 357 2151; x_wconf 78' lang='lat' dir='ltr'>Enn.</span> <span class='ocrx_word' id='word_1_102' title='bbox 383 2092 442 2151; x_wconf 92' lang='lat' dir='ltr'>sat.</span> <span class='ocrx_word' id='word_1_103' title='bbox 467 2086 533 2151; x_wconf 89' lang='grc'>620</span> <span class='ocrx_word' id='word_1_104' title='bbox 556 2093 677 2152; x_wconf 90' lang='lat' dir='ltr'>tectum</span> <span class='ocrx_word' id='word_1_105' title='bbox 705 2093 854 2152; x_wconf 90' lang='lat' dir='ltr'>nostrum</span> <span class='ocrx_word' id='word_1_106' title='bbox 879 2087 940 2171; x_wconf 76' lang='lat' dir='ltr'>aui</span> <span class='ocrx_word' id='word_1_107' title='bbox 961 2085 1111 2152; x_wconf 78' lang='lat' dir='ltr'>funditus</span> <span class='ocrx_word' id='word_1_108' title='bbox 1136 2092 1258 2151; x_wconf 91' lang='lat' dir='ltr'>curant.</span> 
     </span>
    </p>
   </div>
   <div class='ocr_carea' id='block_1_3' title="bbox 275 2245 1415 3404">
    <p class='ocr_par' dir='ltr' id='par_1_8' title="bbox 276 2245 1095 2421">
     <span class='ocr_line' id='line_1_17' title="bbox 276 2245 1095 2332; baseline 0 -19"><span class='ocrx_word' id='word_1_109' title='bbox 276 2245 356 2313; x_wconf 87' lang='lat' dir='ltr'>Ter.</span> <span class='ocrx_word' id='word_1_110' title='bbox 382 2245 478 2313; x_wconf 71' lang='lat' dir='ltr'>Andr.</span> <span class='ocrx_word' id='word_1_111' title='bbox 503 2248 554 2313; x_wconf 88' lang='lat'>81.</span> <span class='ocrx_word' id='word_1_112' title='bbox 602 2248 667 2313; x_wconf 87' lang='grc'>516</span> <span class='ocrx_word' id='word_1_113' title='bbox 692 2266 828 2332; x_wconf 90' lang='lat' dir='ltr'>puerum</span> <span class='ocrx_word' id='word_1_114' title='bbox 854 2255 890 2313; x_wconf 87' lang='lat' dir='ltr'>ut</span> <span class='ocrx_word' id='word_1_115' title='bbox 913 2255 946 2312; x_wconf 89' lang='lat' dir='ltr'>tu</span> <span class='ocrx_word' id='word_1_116' title='bbox 972 2248 1095 2313; x_wconf 81' lang='lat' dir='ltr'>videaa.</span> 
     </span>
     <span class='ocr_line' id='line_1_18' title="bbox 384 2354 912 2421; baseline 0.002 -2"><span class='ocrx_word' id='word_1_117' title='bbox 384 2354 449 2419; x_wconf 88' lang='grc'>583</span> <span class='ocrx_word' id='word_1_118' title='bbox 485 2354 571 2420; x_wconf 89' lang='lat' dir='ltr'>dolis</span> <span class='ocrx_word' id='word_1_119' title='bbox 596 2362 631 2420; x_wconf 91' lang='lat' dir='ltr'>ut</span> <span class='ocrx_word' id='word_1_120' title='bbox 655 2375 706 2421; x_wconf 89' lang='lat' dir='ltr'>me</span> <span class='ocrx_word' id='word_1_121' title='bbox 731 2355 912 2421; x_wconf 79' lang='lat' dir='ltr'>deluderes</span> 
     </span>
    </p>

    <p class='ocr_par' dir='ltr' id='par_1_9' title="bbox 279 2460 1415 2863">
     <span class='ocr_line' id='line_1_19' title="bbox 279 2460 1005 2544; baseline 0.001 -19"><span class='ocrx_word' id='word_1_122' title='bbox 279 2460 357 2526; x_wconf 78' lang='lat' dir='ltr'>Eun.</span> <span class='ocrx_word' id='word_1_123' title='bbox 381 2461 425 2526; x_wconf 93' lang='grc'>22</span> <span class='ocrx_word' id='word_1_124' title='bbox 459 2464 671 2544; x_wconf 82' lang='lat' dir='ltr'>magistratus</span> <span class='ocrx_word' id='word_1_125' title='bbox 696 2479 769 2528; x_wconf 92' lang='lat' dir='ltr'>cum</span> <span class='ocrx_word' id='word_1_126' title='bbox 795 2462 837 2528; x_wconf 90' lang='lat' dir='ltr'>ibi</span> <span class='ocrx_word' id='word_1_127' title='bbox 864 2461 1005 2527; x_wconf 83' lang='lat' dir='ltr'>adesset.</span> 
     </span>
     <span class='ocr_line' id='line_1_20' title="bbox 384 2569 898 2652; baseline 0.002 -19"><span class='ocrx_word' id='word_1_128' title='bbox 384 2569 449 2633; x_wconf 96' lang='grc'>610</span> <span class='ocrx_word' id='word_1_129' title='bbox 485 2575 575 2652; x_wconf 90' lang='lat' dir='ltr'>pater</span> <span class='ocrx_word' id='word_1_130' title='bbox 599 2588 639 2635; x_wconf 87' lang='lat' dir='ltr'>ne</span> <span class='ocrx_word' id='word_1_131' title='bbox 664 2589 735 2635; x_wconf 87' lang='lat' dir='ltr'>rure</span> <span class='ocrx_word' id='word_1_132' title='bbox 760 2571 898 2635; x_wconf 87' lang='lat' dir='ltr'>redierit.</span> 
     </span>
     <span class='ocr_line' id='line_1_21' title="bbox 383 2674 1038 2742; baseline -0.002 0"><span class='ocrx_word' id='word_1_133' title='bbox 383 2675 449 2742; x_wconf 83' lang='lat'>670</span> <span class='ocrx_word' id='word_1_134' title='bbox 485 2695 523 2742; x_wconf 92' lang='lat' dir='ltr'>os</span> <span class='ocrx_word' id='word_1_135' title='bbox 548 2682 584 2742; x_wconf 88' lang='lat' dir='ltr'>ut</span> <span class='ocrx_word' id='word_1_136' title='bbox 608 2676 670 2742; x_wconf 91' lang='lat' dir='ltr'>sibi</span> <span class='ocrx_word' id='word_1_137' title='bbox 696 2677 847 2742; x_wconf 84' lang='lat' dir='ltr'>distorsit</span> <span class='ocrx_word' id='word_1_138' title='bbox 873 2674 1038 2741; x_wconf 87' lang='lat' dir='ltr'>cornuiex.</span> 
     </span>
     <span class='ocr_line' id='line_1_22' title="bbox 383 2782 1415 2863; baseline -0.002 -15"><span class='ocrx_word' id='word_1_139' title='bbox 383 2784 471 2849; x_wconf 93' lang='grc'>1073</span> <span class='ocrx_word' id='word_1_140' title='bbox 508 2791 542 2849; x_wconf 91' lang='lat' dir='ltr'>tu</span> <span class='ocrx_word' id='word_1_141' title='bbox 568 2784 673 2850; x_wconf 89' lang='lat' dir='ltr'>hercle</span> <span class='ocrx_word' id='word_1_142' title='bbox 699 2804 771 2850; x_wconf 91' lang='lat' dir='ltr'>cum</span> <span class='ocrx_word' id='word_1_143' title='bbox 798 2784 859 2863; x_wconf 87' lang='lat' dir='ltr'>illa,</span> <span class='ocrx_word' id='word_1_144' title='bbox 885 2784 1050 2863; x_wconf 83' lang='lat' dir='ltr'>Phaedria,</span> <span class='ocrx_word' id='word_1_145' title='bbox 1060 2789 1119 2859; x_wconf 69' lang='lat' dir='ltr'>sut</span> <span class='ocrx_word' id='word_1_146' title='bbox 1143 2782 1291 2848; x_wconf 82' lang='lat' dir='ltr'>lubenter</span> <span class='ocrx_word' id='word_1_147' title='bbox 1315 2784 1415 2847; x_wconf 86' lang='lat' dir='ltr'>vivas.</span> 
     </span>
    </p>

    <p class='ocr_par' dir='ltr' id='par_1_10' title="bbox 276 2890 1094 3082">
     <span class='ocr_line' id='line_1_23' title="bbox 276 2890 1094 2974; baseline -0.002 -18"><span class='ocrx_word' id='word_1_148' title='bbox 276 2890 390 2956; x_wconf 88' lang='lat' dir='ltr'>lleaul.</span> <span class='ocrx_word' id='word_1_149' title='bbox 416 2891 480 2956; x_wconf 88' lang='lat'>580</span> <span class='ocrx_word' id='word_1_150' title='bbox 517 2894 647 2956; x_wconf 91' lang='lat' dir='ltr'>otiosus</span> <span class='ocrx_word' id='word_1_151' title='bbox 673 2910 805 2974; x_wconf 88' lang='lat' dir='ltr'>operam</span> <span class='ocrx_word' id='word_1_152' title='bbox 832 2897 867 2956; x_wconf 91' lang='lat' dir='ltr'>ut</span> <span class='ocrx_word' id='word_1_153' title='bbox 890 2890 947 2956; x_wconf 90' lang='lat' dir='ltr'>tibi</span> <span class='ocrx_word' id='word_1_154' title='bbox 975 2904 1094 2968; x_wconf 88' lang='lat' dir='ltr'>parem.</span> 
     </span>
     <span class='ocr_line' id='line_1_24' title="bbox 382 2997 984 3082; baseline 0 -20"><span class='ocrx_word' id='word_1_155' title='bbox 382 2997 448 3062; x_wconf 88' lang='grc'>888</span> <span class='ocrx_word' id='word_1_156' title='bbox 482 2998 605 3082; x_wconf 81' lang='lat' dir='ltr'>gnatus</span> <span class='ocrx_word' id='word_1_157' title='bbox 629 3000 720 3082; x_wconf 80' lang='lat' dir='ltr'>quod</span> <span class='ocrx_word' id='word_1_158' title='bbox 742 3018 778 3063; x_wconf 90' lang='lat' dir='ltr'>se</span> <span class='ocrx_word' id='word_1_159' title='bbox 802 2997 984 3063; x_wconf 81' lang='lat' dir='ltr'>assimulat.</span> 
     </span>
    </p>

    <p class='ocr_par' dir='ltr' id='par_1_11' title="bbox 277 3103 968 3297">
     <span class='ocr_line' id='line_1_25' title="bbox 277 3103 968 3190; baseline 0.001 -21"><span class='ocrx_word' id='word_1_160' title='bbox 277 3103 333 3172; x_wconf 85' lang='grc' dir='ltr'>Α6.</span> <span class='ocrx_word' id='word_1_161' title='bbox 358 3105 423 3170; x_wconf 88' lang='grc'>654</span> <span class='ocrx_word' id='word_1_162' title='bbox 459 3108 618 3190; x_wconf 87' lang='lat' dir='ltr'>virginem</span> <span class='ocrx_word' id='word_1_163' title='bbox 645 3112 680 3171; x_wconf 86' lang='lat' dir='ltr'>ut</span> <span class='ocrx_word' id='word_1_164' title='bbox 705 3125 816 3172; x_wconf 90' lang='lat' dir='ltr'>secum</span> <span class='ocrx_word' id='word_1_165' title='bbox 843 3105 968 3170; x_wconf 85' lang='lat' dir='ltr'>avebat.</span> 
     </span>
     <span class='ocr_line' id='line_1_26' title="bbox 383 3203 945 3297; baseline -0.002 -19"><span class='ocrx_word' id='word_1_166' title='bbox 383 3212 448 3278; x_wconf 82' lang='lat'>823</span> <span class='ocrx_word' id='word_1_167' title='bbox 485 3212 551 3279; x_wconf 90' lang='lat' dir='ltr'>duo</span> <span class='ocrx_word' id='word_1_168' title='bbox 575 3232 676 3297; x_wconf 76' lang='lat' dir='ltr'>auom</span> <span class='ocrx_word' id='word_1_169' title='bbox 702 3203 786 3279; x_wconf 85' lang='lat' dir='ltr'>idern</span> <span class='ocrx_word' id='word_1_170' title='bbox 812 3211 945 3278; x_wconf 88' lang='lat' dir='ltr'>iaciunt.</span> 
     </span>
    </p>

    <p class='ocr_par' dir='ltr' id='par_1_12' title="bbox 275 3317 1024 3404">
     <span class='ocr_line' id='line_1_27' title="bbox 275 3317 1024 3404; baseline 0 -21"><span class='ocrx_word' id='word_1_171' title='bbox 275 3317 350 3384; x_wconf 85' lang='lat' dir='ltr'>llec.</span> <span class='ocrx_word' id='word_1_172' title='bbox 374 3319 436 3384; x_wconf 93' lang='grc'>681</span> <span class='ocrx_word' id='word_1_173' title='bbox 476 3339 556 3403; x_wconf 90' lang='lat' dir='ltr'>puer</span> <span class='ocrx_word' id='word_1_174' title='bbox 579 3320 660 3404; x_wconf 81' lang='lat' dir='ltr'>puio</span> <span class='ocrx_word' id='word_1_175' title='bbox 678 3320 759 3386; x_wconf 91' lang='lat' dir='ltr'>clam</span> <span class='ocrx_word' id='word_1_176' title='bbox 786 3326 816 3386; x_wconf 92' lang='lat' dir='ltr'>te</span> <span class='ocrx_word' id='word_1_177' title='bbox 841 3326 892 3385; x_wconf 89' lang='lat' dir='ltr'>est</span> <span class='ocrx_word' id='word_1_178' title='bbox 918 3326 1024 3399; x_wconf 88' lang='lat' dir='ltr'>natus,</span> 
     </span>
    </p>
   </div>
   <div class='ocr_carea' id='block_1_4' title="bbox 277 3479 1505 4637">
    <p class='ocr_par' dir='ltr' id='par_1_13' title="bbox 277 3479 1000 3779">
     <span class='ocr_line' id='line_1_28' title="bbox 277 3479 981 3565; baseline 0 -20"><span class='ocrx_word' id='word_1_179' title='bbox 277 3479 376 3546; x_wconf 83' lang='lat' dir='ltr'>Lucr.</span> <span class='ocrx_word' id='word_1_180' title='bbox 401 3479 421 3545; x_wconf 98' lang='lat' dir='ltr'>ll</span> <span class='ocrx_word' id='word_1_181' title='bbox 447 3481 512 3546; x_wconf 88' lang='grc'>499</span> <span class='ocrx_word' id='word_1_182' title='bbox 549 3501 648 3565; x_wconf 90' lang='lat' dir='ltr'>supra</span> <span class='ocrx_word' id='word_1_183' title='bbox 673 3482 849 3564; x_wconf 78' lang='lat' dir='ltr'>quodiam</span> <span class='ocrx_word' id='word_1_184' title='bbox 875 3481 981 3547; x_wconf 89' lang='lat' dir='ltr'>docui.</span> 
     </span>
     <span class='ocr_line' id='line_1_29' title="bbox 383 3588 928 3671; baseline -0.002 -18"><span class='ocrx_word' id='word_1_185' title='bbox 383 3588 448 3653; x_wconf 93' lang='grc'>832</span> <span class='ocrx_word' id='word_1_186' title='bbox 485 3606 620 3654; x_wconf 86' lang='lat' dir='ltr'>noscere</span> <span class='ocrx_word' id='word_1_187' title='bbox 645 3596 680 3653; x_wconf 89' lang='lat' dir='ltr'>ut</span> <span class='ocrx_word' id='word_1_188' title='bbox 705 3589 780 3654; x_wconf 88' lang='lat' dir='ltr'>hinc</span> <span class='ocrx_word' id='word_1_189' title='bbox 806 3591 928 3671; x_wconf 89' lang='lat' dir='ltr'>possis.</span> 
     </span>
     <span class='ocr_line' id='line_1_30' title="bbox 383 3695 1000 3779; baseline -0.002 -18"><span class='ocrx_word' id='word_1_190' title='bbox 383 3695 448 3761; x_wconf 91' lang='grc'>872</span> <span class='ocrx_word' id='word_1_191' title='bbox 484 3703 649 3779; x_wconf 89' lang='lat' dir='ltr'>pastorem</span> <span class='ocrx_word' id='word_1_192' title='bbox 675 3714 749 3762; x_wconf 91' lang='lat' dir='ltr'>cum</span> <span class='ocrx_word' id='word_1_193' title='bbox 774 3695 836 3761; x_wconf 92' lang='lat' dir='ltr'>sibi</span> <span class='ocrx_word' id='word_1_194' title='bbox 863 3700 1000 3761; x_wconf 83' lang='lat' dir='ltr'>nactast.</span> 
     </span>
    </p>

    <p class='ocr_par' dir='ltr' id='par_1_14' title="bbox 314 3802 1449 4101">
     <span class='ocr_line' id='line_1_31' title="bbox 314 3802 1447 3887; baseline 0.001 -20"><span class='ocrx_word' id='word_1_195' title='bbox 314 3802 346 3867; x_wconf 97' lang='lat' dir='ltr'>lll</span> <span class='ocrx_word' id='word_1_196' title='bbox 406 3804 449 3868; x_wconf 88' lang='grc'>94</span> <span class='ocrx_word' id='word_1_197' title='bbox 474 3804 679 3870; x_wconf 89' lang='lat' dir='ltr'>memborum</span> <span class='ocrx_word' id='word_1_198' title='bbox 705 3810 928 3887; x_wconf 83' lang='lat' dir='ltr'>utnusquam</span> <span class='ocrx_word' id='word_1_199' title='bbox 955 3805 1073 3868; x_wconf 85' lang='lat' dir='ltr'>existat</span> <span class='ocrx_word' id='word_1_200' title='bbox 1099 3807 1330 3884; x_wconf 88' lang='lat' dir='ltr'>praeposterus</span> <span class='ocrx_word' id='word_1_201' title='bbox 1355 3802 1447 3868; x_wconf 87' lang='lat' dir='ltr'>ord0.</span> 
     </span>
     <span class='ocr_line' id='line_1_32' title="bbox 383 3908 1449 3994; baseline 0 -20"><span class='ocrx_word' id='word_1_202' title='bbox 383 3910 448 3975; x_wconf 88' lang='grc'>364</span> <span class='ocrx_word' id='word_1_203' title='bbox 484 3911 607 3976; x_wconf 92' lang='lat' dir='ltr'>lumina</span> <span class='ocrx_word' id='word_1_204' title='bbox 633 3911 814 3976; x_wconf 90' lang='lat' dir='ltr'>luminibus</span> <span class='ocrx_word' id='word_1_205' title='bbox 838 3911 919 3994; x_wconf 76' lang='lat' dir='ltr'>oraio</span> <span class='ocrx_word' id='word_1_206' title='bbox 944 3910 1041 3975; x_wconf 90' lang='lat' dir='ltr'>nobis</span> <span class='ocrx_word' id='word_1_207' title='bbox 1067 3908 1328 3992; x_wconf 87' lang='lat' dir='ltr'>praepediuntur.</span> <span class='ocrx_word' id='word_1_208' title='bbox 1375 3908 1449 3975; x_wconf 87' lang='grc'>930.</span> 
     </span>
     <span class='ocr_line' id='line_1_33' title="bbox 383 4015 1250 4101; baseline -0.001 -19"><span class='ocrx_word' id='word_1_209' title='bbox 383 4017 448 4082; x_wconf 89' lang='grc'>974</span> <span class='ocrx_word' id='word_1_210' title='bbox 485 4021 653 4101; x_wconf 82' lang='lat' dir='ltr'>principiis</span> <span class='ocrx_word' id='word_1_211' title='bbox 678 4019 711 4084; x_wconf 80' lang='lat' dir='ltr'>si</span> <span class='ocrx_word' id='word_1_212' title='bbox 734 4021 795 4083; x_wconf 90' lang='lat' dir='ltr'>iarn</span> <span class='ocrx_word' id='word_1_213' title='bbox 822 4023 872 4084; x_wconf 92' lang='lat' dir='ltr'>est</span> <span class='ocrx_word' id='word_1_214' title='bbox 897 4036 1020 4082; x_wconf 89' lang='lat' dir='ltr'>sensus</span> <span class='ocrx_word' id='word_1_215' title='bbox 1045 4015 1250 4081; x_wconf 85' lang='lat' dir='ltr'>tribuendus.</span> 
     </span>
    </p>

    <p class='ocr_par' dir='ltr' id='par_1_15' title="bbox 306 4122 1505 4422">
     <span class='ocr_line' id='line_1_34' title="bbox 306 4122 1258 4209; baseline -0.001 -20"><span class='ocrx_word' id='word_1_216' title='bbox 306 4123 346 4189; x_wconf 89' lang='lat' dir='ltr'>lV</span> <span class='ocrx_word' id='word_1_217' title='bbox 382 4124 447 4189; x_wconf 90' lang='grc'>566</span> <span class='ocrx_word' id='word_1_218' title='bbox 473 4128 503 4189; x_wconf 95' lang='lat' dir='ltr'>in</span> <span class='ocrx_word' id='word_1_219' title='bbox 531 4128 640 4208; x_wconf 89' lang='lat' dir='ltr'>privas</span> <span class='ocrx_word' id='word_1_220' title='bbox 663 4126 820 4209; x_wconf 79' lang='lat' dir='ltr'>quonium</span> <span class='ocrx_word' id='word_1_221' title='bbox 845 4144 881 4190; x_wconf 90' lang='lat' dir='ltr'>se</span> <span class='ocrx_word' id='word_1_222' title='bbox 907 4124 1023 4189; x_wconf 85' lang='lat' dir='ltr'>dividit</span> <span class='ocrx_word' id='word_1_223' title='bbox 1047 4126 1145 4189; x_wconf 86' lang='lat' dir='ltr'>auris.</span> <span class='ocrx_word' id='word_1_224' title='bbox 1184 4122 1258 4188; x_wconf 93' lang='grc'>271.</span> 
     </span>
     <span class='ocr_line' id='line_1_35' title="bbox 383 4229 1505 4315; baseline 0.001 -19"><span class='ocrx_word' id='word_1_225' title='bbox 383 4230 448 4296; x_wconf 94' lang='grc'>355</span> <span class='ocrx_word' id='word_1_226' title='bbox 483 4233 625 4315; x_wconf 89' lang='lat' dir='ltr'>angulus</span> <span class='ocrx_word' id='word_1_227' title='bbox 643 4233 785 4299; x_wconf 90' lang='lat' dir='ltr'>obtusus</span> <span class='ocrx_word' id='word_1_228' title='bbox 802 4234 881 4314; x_wconf 81' lang='lat' dir='ltr'>quia</span> <span class='ocrx_word' id='word_1_229' title='bbox 897 4231 993 4315; x_wconf 91' lang='lat' dir='ltr'>longe</span> <span class='ocrx_word' id='word_1_230' title='bbox 1011 4233 1152 4296; x_wconf 86' lang='lat' dir='ltr'>cernitur</span> <span class='ocrx_word' id='word_1_231' title='bbox 1168 4233 1287 4297; x_wconf 91' lang='lat' dir='ltr'>omnis.</span> <span class='ocrx_word' id='word_1_232' title='bbox 1318 4229 1393 4296; x_wconf 91' lang='grc'>468.</span> <span class='ocrx_word' id='word_1_233' title='bbox 1430 4230 1505 4297; x_wconf 90' lang='grc'>649.</span> 
     </span>
     <span class='ocr_line' id='line_1_36' title="bbox 383 4338 1245 4422; baseline 0.001 -20"><span class='ocrx_word' id='word_1_234' title='bbox 383 4338 448 4403; x_wconf 89' lang='grc'>694</span> <span class='ocrx_word' id='word_1_235' title='bbox 484 4358 523 4404; x_wconf 88' lang='lat' dir='ltr'>ex</span> <span class='ocrx_word' id='word_1_236' title='bbox 547 4340 613 4405; x_wconf 91' lang='lat' dir='ltr'>alto</span> <span class='ocrx_word' id='word_1_237' title='bbox 639 4344 778 4421; x_wconf 90' lang='lat' dir='ltr'>primum</span> <span class='ocrx_word' id='word_1_238' title='bbox 804 4340 884 4422; x_wconf 81' lang='lat' dir='ltr'>quin</span> <span class='ocrx_word' id='word_1_239' title='bbox 909 4342 960 4403; x_wconf 85' lang='lat' dir='ltr'>uix</span> <span class='ocrx_word' id='word_1_240' title='bbox 986 4341 1117 4403; x_wconf 86' lang='lat' dir='ltr'>emittar</span> <span class='ocrx_word' id='word_1_241' title='bbox 1141 4357 1179 4403; x_wconf 88' lang='lat' dir='ltr'>ex</span> <span class='ocrx_word' id='word_1_242' title='bbox 1205 4357 1245 4403; x_wconf 90' lang='lat' dir='ltr'>re.</span> 
     </span>
    </p>

    <p class='ocr_par' dir='ltr' id='par_1_16' title="bbox 321 4444 1357 4530">
     <span class='ocr_line' id='line_1_37' title="bbox 321 4444 1357 4530; baseline 0.001 -21"><span class='ocrx_word' id='word_1_243' title='bbox 321 4444 349 4509; x_wconf 89' lang='lat' dir='ltr'>V</span> <span class='ocrx_word' id='word_1_244' title='bbox 386 4445 473 4510; x_wconf 93' lang='grc'>1148</span> <span class='ocrx_word' id='word_1_245' title='bbox 497 4450 604 4512; x_wconf 90' lang='lat' dir='ltr'>acrius</span> <span class='ocrx_word' id='word_1_246' title='bbox 629 4467 667 4512; x_wconf 81' lang='lat' dir='ltr'>ex</span> <span class='ocrx_word' id='word_1_247' title='bbox 694 4451 738 4512; x_wconf 91' lang='lat' dir='ltr'>ira</span> <span class='ocrx_word' id='word_1_248' title='bbox 758 4448 852 4530; x_wconf 78' lang='lat' dir='ltr'>pund</span> <span class='ocrx_word' id='word_1_249' title='bbox 874 4449 960 4511; x_wconf 93' lang='lat' dir='ltr'>enim</span> <span class='ocrx_word' id='word_1_250' title='bbox 987 4465 1022 4511; x_wconf 87' lang='lat' dir='ltr'>se</span> <span class='ocrx_word' id='word_1_251' title='bbox 1047 4449 1189 4530; x_wconf 85' lang='lat' dir='ltr'>quisque</span> <span class='ocrx_word' id='word_1_252' title='bbox 1215 4445 1357 4528; x_wconf 76' lang='lat' dir='ltr'>parabat</span> 
     </span>
    </p>

    <p class='ocr_par' dir='ltr' id='par_1_17' title="bbox 310 4551 1422 4637">
     <span class='ocr_line' id='line_1_38' title="bbox 310 4551 1422 4637; baseline -0.002 -20"><span class='ocrx_word' id='word_1_253' title='bbox 310 4551 349 4617; x_wconf 90' lang='lat' dir='ltr'>Vl</span> <span class='ocrx_word' id='word_1_254' title='bbox 386 4552 451 4617; x_wconf 92' lang='grc'>653</span> <span class='ocrx_word' id='word_1_255' title='bbox 487 4554 574 4637; x_wconf 90' lang='lat' dir='ltr'>quod</span> <span class='ocrx_word' id='word_1_256' title='bbox 602 4554 684 4621; x_wconf 89' lang='lat' dir='ltr'>bene</span> <span class='ocrx_word' id='word_1_257' title='bbox 710 4557 916 4637; x_wconf 88' lang='lat' dir='ltr'>propositum</span> <span class='ocrx_word' id='word_1_258' title='bbox 940 4553 974 4619; x_wconf 85' lang='lat' dir='ltr'>si</span> <span class='ocrx_word' id='word_1_259' title='bbox 996 4552 1091 4636; x_wconf 90' lang='lat' dir='ltr'>plane</span> <span class='ocrx_word' id='word_1_260' title='bbox 1117 4558 1300 4618; x_wconf 89' lang='lat' dir='ltr'>contueare.</span> <span class='ocrx_word' id='word_1_261' title='bbox 1345 4551 1422 4616; x_wconf 92' lang='grc'>625.</span> 
     </span>
    </p>
   </div>
   <div class='ocr_carea' id='block_1_5' title="bbox 0 0 1684 5236">
    <p class='ocr_par' dir='ltr' id='par_1_18' title="bbox 0 0 1684 5236">
     <span class='ocr_line' id='line_1_39' title="bbox 0 0 1684 5236; baseline 0 0"><span class='ocrx_word' id='word_1_262' title='bbox 0 0 1684 5236; x_wconf 95' lang='lat' dir='ltr'> </span> 
     </span>
    </p>
   </div>
  </div>
 </body>
</html>
