3360 5236
686 309 899 408 Q

216 519 250 585 Xl
286 521 352 586 343
387 541 453 588 rem
469 521 546 587 nulli
561 523 747 606 obscuram,
757 531 888 592 nostrae
900 546 954 588 nec
969 527 1061 591 vocis
1079 528 1229 609 egentem
1247 525 1406 592 consulis,

210 627 257 692 llll
291 627 357 693 538
392 628 522 695 dextera
548 636 679 696 nectua
704 637 735 698 te
753 631 886 698 Graium
911 631 1092 698 fortissime
1109 628 1256 711 Cretheu,
1280 633 1406 715 eripuit.

294 735 359 800 630
395 754 454 802 nec
479 754 615 803 numero
641 737 780 818 interior,
807 757 936 823 pugnae
960 760 1013 801 uec
1037 737 1161 805 honore
1187 736 1328 805 recedes.

215 838 282 908 Cui.
317 841 360 907 65
396 842 541 926 lapidum
566 865 620 908 neo
643 844 751 929 tulgor
774 898 780 911 .
805 898 812 912 .
836 899 843 912 .
869 851 987 913 mouet.

200 947 301 1015 illaec.
338 949 354 1014 1
397 949 552 1032 lucentes,
578 970 649 1018 mea
674 955 749 1033 vita,
773 974 826 1016 nec
850 952 1047 1037 smaragdos

400 1056 542 1140 beryllos
567 1079 668 1142 neque,
694 1062 737 1125 mi
763 1059 881 1140 flacce,
907 1063 1058 1126 nitentes,

176 1161 299 1229 llorat.
324 1163 419 1246 epod.
443 1165 498 1229 161
535 1167 662 1231 aemula
688 1187 740 1230 neo
764 1169 867 1233 virtus
891 1164 1021 1250 Capuae
1047 1186 1106 1234 nec
1122 1166 1299 1251 Spartacus
1323 1186 1404 1234 acer.

305 1293 330 1332 n
370 1269 534 1338 laboriosa
559 1294 612 1336 nec·
635 1273 754 1339 cohors
780 1273 890 1340 Ulixei.

177 1395 273 1442 carm.
298 1377 330 1443 111
355 1378 402 1443 46
442 1381 677 1446 incontinentis
701 1402 754 1444 nec
776 1380 859 1464 Tityi
886 1383 980 1448 iecur.

209 1482 249 1548 111
284 1485 332 1549 56
370 1503 470 1552 curvo
493 1507 547 1549 neo
569 1484 685 1553 laciem
713 1488 804 1554 litore
821 1488 976 1554 dimovet.

283 1591 332 1656 16
370 1590 505 1658 inlernis
529 1596 734 1677 nequeenim
760 1594 905 1662 tenebris
931 1595 1041 1663 Diana.

176 1695 251 1763 Tib.
276 1697 284 1762 l
311 1698 376 1768 1011
406 1699 494 1783 vulgi
520 1721 572 1763 uec
595 1703 699 1767 tristia
726 1720 861 1768 nossem
886 1721 985 1769 arma.

177 1803 279 1888 Prop.
304 1805 312 1870 l
339 1804 408 1876 111⁶
435 1825 630 1873 communes
653 1829 707 1872 nec
731 1810 923 1875 meminisse
948 1807 1039 1875 deos.

176 1962 304 2031 Catuli.
329 1965 414 2030 blm
441 1966 603 2033 indomito
626 1989 680 2031 nec
703 1968 772 2034 dira
797 1967 905 2035 terens
931 1967 1094 2053 stipendia
1119 1975 1221 2037 tauro.

337 2095 380 2134 mo
406 2073 513 2140 dulcia
537 2096 591 2137 nec
615 2080 742 2140 maesto
766 2075 948 2142 sustollens
973 2077 1067 2159 signa
1093 2079 1227 2160 parenti.

304 2179 373 2249 686
402 2186 526 2246 maesta
550 2203 646 2264 neque
668 2181 811 2248 adsiduo
835 2181 1003 2248 tabescere
1029 2181 1151 2249 lumina
1175 2182 1288 2250 fluctu.

175 2283 279 2370 Verg.
303 2304 412 2370 georg.
438 2286 458 2352 11
483 2288 548 2353 465
572 2288 645 2353 alba
669 2309 764 2371 neque
788 2288 924 2372 Assyrio
947 2286 1077 2355 lucatur
1100 2288 1174 2354 lana
1198 2307 1336 2356 veneno.

175 2389 234 2458 Cir.
258 2392 323 2458 439
359 2395 507 2478 pronuba
533 2417 586 2458 uec
609 2401 720 2461 castos
745 2396 901 2462 accendet
925 2398 1024 2479 pinus
1048 2395 1202 2464 honores,

174 2499 297 2567 llorat.
322 2501 417 2584 epod.
442 2501 511 2566 166
552 2500 681 2568 credula
706 2525 759 2566 nec
783 2521 880 2569 ravos
904 2505 1041 2569 timeant
1064 2509 1212 2569 armenta
1236 2504 1359 2570 leones.

325 2643 351 2678 ,6
390 2612 524 2693 pinguia
549 2631 602 2673 nec
625 2613 722 2677 siccis
748 2615 882 2677 urantur
906 2612 1032 2675 semina
1057 2609 1194 2694 glaebis.

175 2735 271 2781 carm.
296 2715 304 2781 l
329 2717 362 2786 81
401 2716 600 2783 Gallicanae
625 2717 767 2801 lupatis!
775 2722 934 2801 temperat
959 2735 1015 2783 ora
1039 2716 1151 2784 irenis.

174 2837 304 2906 Tibull.
330 2840 337 2906 l
363 2840 410 2911 Tu
438 2841 527 2907 arida
552 2862 606 2904 nec
631 2841 742 2924 pluvio
767 2840 931 2925 supplicat
956 2840 1055 2907 herba
1079 2840 1166 2908 iovi.

175 2963 277 3048 Prop.
302 2964 321 3030 ll
347 2966 395 3036 916
422 2965 533 3048 Scyria
557 2987 610 3029 nec
634 2965 735 3032 viduo
761 2964 929 3031 Deidamia
953 2971 1034 3032 toro.

281 3072 335 3143 19⁵
374 3071 461 3138 nulla
485 3094 581 3156 neque
603 3078 678 3138 ante
703 3078 778 3138 tuas
803 3074 928 3148 orietur,
948 3074 1015 3138 rixa
1038 3071 1212 3138 fenestras.

220 3178 227 3242 1
281 3177 336 3249 126
374 3177 511 3257 Cynthia
534 3200 588 3242 nec
611 3184 723 3245 nostra
748 3178 854 3245 dulcis
879 3181 911 3244 in
936 3197 1013 3245 aure
1038 3184 1144 3246 sonat.

207 3285 240 3351 111
302 3286 335 3355 91
372 3275 506 3351 llamma
530 3306 584 3348 uec
607 3304 645 3351 ex
670 3304 776 3369 aequo
801 3285 930 3352 ducitur
954 3284 1018 3351 ulla
1042 3287 1129 3369 iugo,

173 3408 306 3495 Vergil.
329 3430 440 3494 georg.
465 3410 484 3475 ll
508 3410 574 3475 316
598 3409 717 3494 frigora
743 3431 795 3473 nec
819 3416 945 3476 tantum
972 3429 1053 3477 cana
1077 3416 1228 3477 concreta
1254 3414 1378 3495 pruina.

174 3534 276 3619 Prop.
301 3534 309 3600 1
334 3536 383 3605 26
422 3536 516 3602 unica
540 3556 594 3598 uec
618 3534 704 3600 desit
730 3532 883 3600 iucundis
906 3539 1010 3619 gratia
1035 3535 1155 3603 uerbis.

280 3695 387 3761 Primo
412 3695 484 3761 loco
508 3694 641 3761 alterius
665 3697 765 3778 partis
784 3699 975 3778 pentametri
994 3698 1221 3779 transponitur
1237 3695 1399 3763 interdum

172 3823 190 3869 a
215 3802 343 3869 Tibullo
367 3809 399 3869 et
424 3802 601 3886 Propertio:

172 3928 309 3995 Tibull·
325 3925 352 3993 *1
377 3929 411 3999 81
449 3931 606 4011 praecinit
630 3932 852 4000 eventusinec
876 3928 954 3995 milri
980 3936 1097 3998 cantus
1122 3933 1203 3998 avis

173 4054 275 4138 Prop.
299 4053 347 4119 *lll
374 4054 444 4124 1010
482 4056 624 4138 increpet
648 4053 862 4138 absumptum
871 4055 949 4131 ineo
973 4074 1033 4122 sua
1059 4062 1161 4122 mater
1184 4055 1262 4140 ltyn.

216 4164 229 4192 *
275 4162 345 4233 222³
374 4160 449 4226 11616
475 4163 719 4244 portentislrrec
742 4160 815 4226 11611
840 4161 927 4227 unda
952 4164 1058 4228 nouis.

194 4269 249 4335 *lV
295 4270 343 4340 8...
375 4267 556 4351 spectalum
582 4271 759 4352 captasnec
784 4269 894 4334 minus
920 4268 999 4334 urbe
1023 4268 1093 4349 luit

216 4380 228 4406 *
276 4377 345 4448 116
372 4375 505 4442 caelibis
529 4376 570 4442 ad
596 4381 774 4454 curassrrec
797 4381 890 4441 vacet
914 4376 978 4442 ulla
1003 4379 1064 4447 via.
