3322 5236
776 331 821 397 49

294 548 360 615 437
396 545 506 631 pluvia
530 567 599 609 cum
623 544 706 613 lorte
730 553 916 631 gravantur.

252 691 278 758 X
311 689 355 756 44
388 691 416 755 si
442 688 530 755 nulla
555 693 606 754 est
630 690 728 772 regio,
753 704 846 768 quoru
870 689 925 756 del
949 693 1005 754 tua
1030 689 1159 754 coniux.

294 799 359 864 190
395 797 556 881 populeas
571 797 654 861 inter
669 794 805 863 irondes
822 797 1039 879 umbramque
1056 813 1207 862 sororum
1225 793 1300 859 dum
1316 797 1412 863 canit

294 905 360 972 310
395 922 495 971 casus
520 903 658 970 evadere
681 902 756 970 ferri
764 904 779 980 l
787 902 870 983 qnod
885 903 983 970 licuit

292 1011 357 1078 304
393 1009 537 1077 llrcadas
563 1012 713 1076 insuetos
737 1012 825 1077 acies
851 1007 967 1077 inierre
991 1009 1162 1093 pedestres

390 1123 426 1181 ul
448 1117 530 1183 vidit
554 1116 659 1183 Pallas
684 1116 773 1182 tatio
798 1116 874 1183 dare
897 1122 988 1201 terga
1013 1118 1157 1200 sequaci.

293 1225 358 1292 385
395 1243 469 1290 nam
496 1223 600 1290 Pallas
625 1228 701 1290 ante
726 1222 981 1300 ruentemldum
1004 1221 1091 1289 iurit

292 1331 358 1397 503
394 1349 515 1414 magno
539 1351 608 1393 cum
632 1333 791 1414 optaverit
817 1331 1151 1414 emptumlintaclum
1178 1328 1332 1397 Pallanta.

292 1440 358 1505 519
395 1436 528 1504 inlerias
552 1453 627 1517 quos
651 1437 800 1504 immolet
817 1437 951 1504 umbris.

292 1546 358 1612 572
393 1551 491 1629 atque
508 1545 561 1626 illi,
579 1545 675 1629 longe
692 1544 944 1629 gradientem'et
962 1543 1030 1609 dira
1047 1543 1204 1611 lereutem
1221 1549 1279 1622 rut
1291 1541 1408 1612 videre.

294 1653 360 1719 000
400 1671 524 1719 morere
549 1657 581 1719 et
605 1650 735 1718 lratrem
761 1673 799 1715 rre
822 1651 937 1718 desere
961 1649 1067 1718 irater.

256 1795 290 1862 lll
316 1795 359 1862 39
396 1797 467 1879 ipse
492 1800 590 1878 caput
615 1795 699 1860 nivei
724 1792 842 1860 lultum
869 1793 1023 1860 Pallantis
1048 1798 1079 1860 el
1096 1812 1152 1861 ora
1175 1797 1211 1857 ui
1234 1793 1323 1860 vidit

299 1903 362 1969 201
399 1920 463 1968 nox
497 1900 608 1967 umida
640 1901 895 1973 domelinvertit
926 1901 1050 1968 caelum
1083 1901 1187 1968 stellis
1218 1901 1413 1968 ardentibus

300 2116 366 2182 502
394 2013 518 2195 alm,
541 2117 593 2181 sui
619 2117 735 2182 merito
758 2116 849 2194 siquo
872 2121 924 2182 est
946 2113 1079 2182 fiducia.

301 2223 367 2290 070
402 2220 742 2299 habenaslsuflosso
769 2221 937 2289 revolutus
963 2240 1049 2306 equo
1073 2221 1148 2286 dum
1172 2222 1303 2307 colligit.

224 2365 270 2432 llll
296 2365 361 2431 233
397 2367 450 2430 vix
475 2364 615 2444 hostem,
645 2364 758 2430 alterni
783 2366 811 2427 si
835 2364 1094 2448 congrediamur,
1126 2363 1297 2430 babemus.

302 2471 368 2537 074
402 2474 526 2549 turrim,
550 2473 731 2554 compactis
756 2468 906 2536 trabibus
930 2490 1023 2554 quom
1047 2470 1203 2537 eduxerat
1227 2472 1307 2555 ipse.

299 2577 366 2644 084
390 2597 427 2644 ac
452 2577 550 2643 veluti
577 2579 700 2643 montis
726 2595 842 2642 saxum
868 2576 908 2642 de
933 2579 1052 2644 vertice
1077 2595 1233 2662 praeceps

392 2705 459 2747 cunr
479 2680 499 2767 ยน)
525 2686 587 2750 ruit
611 2684 763 2750 avulsum
789 2690 897 2750 vento.

299 2791 365 2857 898
401 2791 495 2856 limes
519 2810 598 2875 agro
624 2794 764 2875 positus,
788 2790 877 2856 litem
902 2797 937 2854 ui
960 2790 1159 2858 discerneret
1182 2793 1280 2858 arvis.

299 2898 364 2963 938
402 2897 538 2963 ulterius
561 2919 600 2960 ne
622 2897 720 2965 tende
744 2898 839 2964 adils.

189 3040 296 3108 Culex.
319 3040 362 3105 34
399 3038 533 3105 Graecia
558 3060 626 3102 curn
652 3042 760 3106 timuit
785 3044 948 3107 venientis
973 3040 1119 3125 undique
1144 3041 1269 3109 Persas

299 3146 364 3213 237
400 3148 508 3213 conati
534 3145 703 3229 quondam
729 3168 798 3209 narn
823 3149 890 3213 sint
915 3146 1087 3213 incendere
1112 3147 1282 3214 mundum.

299 3253 364 3319 325
401 3252 490 3319 Paris
531 3253 619 3319 bunc
654 3252 736 3337 quod
770 3253 847 3320 letat
878 3259 910 3320 et
941 3253 1040 3319 buius

401 3358 497 3426 firma
529 3359 615 3426 dolis
647 3360 744 3427 ltlraci
769 3363 873 3426 virtus
897 3359 979 3443 quod
1002 3359 1153 3426 concidit.

189 3483 284 3551 Ciris.
308 3484 349 3550 ll
385 3484 491 3551 forma
516 3506 584 3548 rum
608 3487 752 3551 vinceret
776 3503 903 3551 omnes.

303 3591 346 3656 83
384 3610 466 3658 ausa
490 3591 573 3676 quod
596 3597 647 3658 est
672 3591 788 3658 mulier
813 3610 933 3657 numen
957 3591 1107 3658 fraudare
1132 3592 1278 3659 deorum.

301 3698 367 3764 528
402 3697 544 3782 lecitque
569 3701 600 3764 in
625 3701 719 3765 terris
744 3697 924 3765 haliaeetos
949 3699 1018 3765 ales
1042 3704 1077 3762 ui
1100 3705 1198 3765 esset.

194 3840 292 3908 Catal.
310 3840 344 3910 1โด
380 3845 513 3924 tangere
536 3840 620 3924 quod
643 3859 799 3924 nequeas

240 4025 242 4031 ,
304 3948 337 4018 81
375 3946 512 4013 lllantua
535 3947 618 4031 quod
640 3946 754 4013 luerat.

296 4192 318 4258 ยน)
339 4199 366 4252 ln
387 4198 507 4253 Aeneide
526 4206 553 4252 et
572 4201 710 4268 georgicis
731 4215 786 4254 uno
806 4207 914 4254 tantum
930 4207 1046 4268 excepto
1061 4202 1187 4268 exemplo
1206 4202 1417 4256 coniunctiones

192 4294 218 4342 et
239 4304 318 4356 pron.
338 4289 384 4342 rel.
405 4304 514 4355 semper
533 4296 580 4343 aut
600 4297 705 4342 certum
720 4290 857 4357 quendam
879 4296 944 4357 post
963 4304 1094 4344 caesuras
1114 4291 1204 4344 locum
1226 4292 1353 4345 obtinent
1369 4299 1417 4346 aut

193 4377 272 4433 initio
292 4379 435 4447 sequentis
456 4393 554 4431 versus
575 4379 755 4433 collocantur.
