3322 5236
850 371 894 439 26

362 603 428 671 490
461 624 544 689 quor
568 603 657 684 haec,
681 611 716 670 tu
741 604 799 671 ubi
821 607 992 685 rescivisti‚
1017 605 1090 672 ilico
1115 605 1216 672 celata
1243 623 1294 672 me
1319 605 1421 672 sunt?

362 711 427 777 549
452 713 530 795 quin
557 711 611 777 rus
637 717 673 777 ut
697 713 774 778 irem
802 714 865 777 iam
891 712 958 778 heri
984 715 1230 779 constitueram.

361 818 427 884 564
460 836 526 903 qno
551 818 612 885 vos
637 819 808 900 oblectem,
832 819 916 886 hanc
940 818 1086 886 fabulam
1110 819 1188 885 dum
1212 822 1401 902 transigam.

362 925 428 991 583
461 924 554 992 lacile
579 931 615 991 ut
637 928 777 1010 vincam,
805 909 900 993 lacile
931 932 967 992 ut
997 927 1136 1009 spoliem
1172 945 1265 993 meos
1297 926 1480 1011 perduellis.

362 1032 427 1098 589
460 1039 582 1099 metum
618 1033 650 1100 et
682 1032 794 1117 lugam
828 1033 1050 1117 perduellibus
1088 1037 1170 1101 meis
1206 1033 1280 1101 med
1313 1040 1349 1100 ut
1376 1036 1481 1101 sciant

461 1145 583 1206 natum.

361 1261 426 1330 633
460 1265 570 1349 potest
594 1270 629 1331 ut
652 1265 705 1330 alii
731 1267 774 1332 ita
798 1265 995 1332 arbitrentur
1019 1271 1049 1332 et
1074 1284 1136 1349 ego
1161 1270 1196 1331 ut
1217 1283 1258 1331 ne
1282 1264 1421 1331 credam.

361 1370 428 1438 660
461 1372 536 1437 inde
561 1378 597 1438 ut
619 1391 671 1439 mc
695 1390 855 1452 accersas,
880 1391 955 1439 erus
979 1379 1057 1439 tuos
1082 1371 1139 1438 ubi
1160 1375 1292 1438 venerit.

361 1478 427 1544 665
461 1478 639 1545 dormitum
665 1484 701 1544 ut
723 1479 833 1546 abeas.

361 1584 427 1651 676
460 1588 572 1652 animo
598 1592 634 1652 ut
655 1586 832 1653 volueram.

362 1692 428 1758 683
461 1693 551 1759 stulti
577 1692 642 1760 hau
668 1696 803 1775 scimus,
827 1692 947 1760 irustra
972 1699 1008 1759 ut
1030 1697 1146 1760 simus,

361 1798 428 1865 768
461 1817 561 1883 puero
586 1799 683 1884 a'tqne
708 1799 813 1867 eidem
837 1800 871 1867 si
892 1800 1018 1866 addunt
1042 1801 1287 1883 turpitudinem.

361 1906 427 1972 818
461 1909 551 1989 prius
575 1907 673 1991 quam
699 1910 865 1987 triverunt,
889 1907 974 1974 oculi
1000 1913 1036 1973 ut
1058 1907 1211 1987 extillent,
1235 1904 1320 1974 lacit.

361 2013 424 2079 821
459 2014 543 2080 vivis
568 2016 717 2080 convivis
743 2017 897 2081 intestina
921 2032 1007 2098 pune
1030 2014 1170 2082 exedint.

361 2120 427 2186 860
460 2140 594 2187 manum
618 2121 654 2188 31
673 2121 832 2205 protolici,
858 2125 976 2205 pariter
1000 2120 1141 2204 proierto
1166 2140 1316 2215 manum,

361 2225 427 2292 918
460 2227 662 2294 stratiotieus
687 2227 787 2294 lromo
810 2228 870 2312 qui
891 2228 1007 2294 cluear.

362 2332 428 2398 922
459 2341 494 2401 tu
520 2334 607 2418 prior
630 2339 666 2399 ut
687 2352 830 2418 occupes
854 2334 952 2401 adire.

361 2439 427 2505 929
461 2440 554 2525 ipsus
591 2459 665 2507 sese
699 2446 735 2506 ut
764 2447 861 2523 neget
889 2460 965 2507 esse
997 2460 1070 2507 eum
1109 2444 1163 2526 qui
1201 2444 1263 2507 siet

461 2549 577 2632 me'que
602 2553 638 2613 ut
659 2567 735 2614 esse
759 2554 907 2625 autumet
931 2550 985 2632 qui
1013 2551 1107 2632 ipsus
1133 2555 1192 2615 est.

361 2654 427 2720 948
460 2654 518 2721 1161
544 2657 635 2721 savia
660 2673 760 2743 super
783 2658 874 2721 savia
899 2673 985 2739 quae
1008 2654 1070 2721 det.

361 2760 427 2827 976
461 2780 582 2828 nomen
605 2764 634 2826 31
658 2768 816 2830 memoret
840 2762 951 2829 modo.

362 2868 425 2933 981
460 2868 557 2935 credo
590 2871 621 2933 in
659 2868 803 2935 tenebris
834 2872 1047 2952 conspicatus
1078 2870 1106 2932 31
1137 2871 1185 2935 313
1216 2887 1277 2947 me,
1310 2870 1480 2950 apstincas

461 2993 605 3042 manum.

363 3099 450 3165 1009
483 3099 613 3183 llarpax
637 3100 760 3167 calator
784 3120 878 3167 meus
903 3105 963 3182 est,
987 3099 1027 3167 ad
1054 3107 1085 3166 te
1109 3100 1168 3184 qui
1189 3102 1286 3166 venit.

363 3205 450 3272 1014
483 3213 514 3273 te
537 3208 565 3270 si
588 3205 776 3274 arbitrarem
803 3206 950 3291 dignum,
975 3208 1142 3273 misissem
1169 3205 1237 3271 tibi.

363 3312 450 3377 1118
485 3312 558 3380 le'no
585 3313 637 3377 nbi
661 3319 751 3381 esset
775 3314 875 3394 domi,
901 3332 953 3380 me
970 3313 1059 3379 aibat
1075 3331 1241 3379 arcessere
1265 3308 1335 3392 (scl.
1353 3309 1478 3395 Syrus).

363 3418 450 3485 1180
484 3420 582 3486 noctu
608 3423 639 3485 in
668 3421 812 3505 vigiliam
838 3420 962 3499 qnnrrdo
987 3419 1054 3486 ibat
1078 3419 1182 3485 miles.

363 3527 450 3592 1208
484 3527 651 3594 mulierem
677 3530 731 3608 qui
754 3528 939 3596 abduceret.

363 3633 449 3699 1227
483 3634 572 3699 dixin
597 3633 639 3700 ab
664 3653 703 3701 eo
727 3634 786 3701 tibi
810 3640 845 3697 ut
870 3653 1001 3701 caveres
1028 3636 1184 3701 centiens.

363 3739 451 3807 1233
483 3741 650 3807 mulierem
677 3741 731 3821 qni
754 3740 939 3810 abduceret.

362 3847 449 3913 1282
484 3847 559 3916 inde
584 3848 647 3915 lruc
672 3851 743 3928 exii,
768 3848 933 3931 crapulam
959 3848 1035 3911 (lum
1059 3865 1255 3913 amoverem.

257 4095 337 4165 Rud.
362 4097 405 4162 18
438 4097 523 4178 mali,
547 4116 599 4164 res
623 4097 726 4164 falsas
751 4099 806 4178 qui
830 4100 1003 4181 impetrant
1028 4097 1115 4180 apud
1141 4097 1290 4164 iudicem.

361 4204 405 4270 30
430 4205 563 4271 retine'te
589 4223 693 4289 porro,
719 4212 794 4288 post
818 4204 940 4271 lactum
967 4211 1003 4267 ut
1028 4205 1201 4271 laetemini.

362 4311 402 4377 31
439 4331 535 4391 nunc,
560 4311 623 4378 huc
648 4329 709 4391 quo
733 4333 827 4376 aaron
851 4315 934 4390 veni,
958 4318 1187 4396 argumentum
1213 4313 1356 4396 eloquar.

249 4485 254 4505 ,
362 4417 428 4485 220
453 4438 550 4505 quam
576 4438 594 4485 a
619 4438 753 4503 corpore
777 4421 877 4486 vitam
908 4425 942 4484 nl
966 4418 1143 4487 secludam.
