3322 5236
788 355 831 422 55

301 568 388 635 ilaec
423 575 532 634 autem
570 568 836 635 collocandorum
858 569 1046 636 ‘verborum
1082 567 1298 648 consuetudo,
1338 585 1422 652 quae

195 675 270 742 inde
294 694 312 740 a
337 675 449 740 Plauto
473 673 628 759 frequens
653 681 705 741 est
728 681 760 742 et
775 675 862 758 apud
886 678 1085 759 posteriores
1103 676 1275 759 praecipue
1292 674 1421 754 colitur,

193 782 292 865 digna
317 800 392 847 esse
409 780 589 861 videbatur,
613 801 711 865 quam
730 785 905 865 separatim
923 788 1145 849 tractaremus.
1185 781 1230 847 lin
1253 780 1421 866 exempla:

194 940 242 1007 Pl.
265 939 298 1023 1)
324 941 439 1024 Amph.
463 941 529 1006 205
553 945 749 1008 sententiam
777 948 811 1005 ut
834 942 945 1009 dicant
969 961 1074 1009 suam.

299 1048 364 1120 524
401 1067 466 1114 rem
491 1056 527 1111 ui
550 1052 738 1132 gessissent
762 1049 935 1133 publicam.

299 1154 364 1221 995
399 1157 511 1220 animo
536 1155 660 1234 quondo
684 1155 879 1239 obsequitur
902 1174 974 1224 suo.

282 1262 368 1328 1144
402 1265 566 1345 promissa
591 1270 627 1327 ut
651 1282 763 1328 serves
789 1271 854 1329 tua.

214 1368 268 1435 ils.
303 1369 347 1434 50
383 1376 491 1451 patres
514 1374 550 1431 nt
573 1368 698 1435 iaciunt
722 1373 828 1436 ceteri.
957 1414 960 1421 ,
1061 1433 1066 1451 ,

297 1475 341 1541 52
376 1475 466 1541 iilius
490 1475 572 1559 qnod
595 1482 681 1542 amet
707 1496 810 1543 meus.
879 1476 944 1543 272
980 1495 1069 1543 more
1092 1478 1120 1540 si
1143 1475 1219 1543 lecit
1244 1494 1316 1543 suo.

192 1580 265 1648 Cas.
289 1583 354 1649 538
390 1581 502 1648 modio
526 1585 580 1666 qni
603 1585 691 1649 uenit
716 1583 806 1649 salis,

192 1689 277 1756 lnen.
302 1689 345 1755 58
380 1692 547 1773 geminum
575 1690 663 1755 illum
691 1708 826 1772 puerum
852 1691 906 1773 qui
930 1690 1283 1774 surrupuitlalterum.

191 1796 288 1863 llere.
312 1797 375 1862 261
412 1794 502 1862 lilius
527 1818 619 1880 quma
644 1796 776 1863 advexit
801 1816 904 1863 meus.

191 1903 258 1970 ltlil.
280 1903 345 1969 507
382 1907 520 1969 amicam
545 1924 637 1987 quom
662 1903 873 1970 osculabatur
897 1922 1002 1971 suam.

192 2010 287 2077 Poen.
311 2010 354 2075 16
389 2010 494 2076 edicta
519 2016 554 2073 nt
578 2013 715 2077 servetis
742 2030 823 2076 mea.

191 2116 307 2183 Pseud.
332 2117 394 2182 141
431 2114 547 2182 faciem
572 2137 663 2200 quom
688 2118 833 2200 aspicias
858 2135 980 2183 eorum.

192 2223 272 2290 Rud.
298 2223 384 2289 1355
420 2223 530 2307 lingua
555 2223 638 2307 quod
662 2226 743 2290 iuret
768 2242 848 2289 mea.

189 2329 274 2396 Trio.
298 2330 341 2395 16
376 2329 416 2396 de
440 2316 635 2414 argumento
659 2351 697 2392 ne
720 2333 918 2414 exspectetis
941 2330 1081 2397 tabulae,

296 2436 362 2502 636
398 2439 428 2501 in
456 2456 521 2502 rem
546 2458 625 2520 quoe
650 2438 717 2502 sint
742 2455 858 2503 meam.

299 2543 364 2610 676
399 2562 506 2627 genus
530 2545 583 2627 qni
607 2546 794 2628 restinguas
819 2550 920 2610 tuom.

296 2650 362 2716 678
396 2669 503 2734 genus
528 2652 581 2734 qui
605 2650 789 2735 congliscat
813 2656 914 2717 tuom.

188 2756 279 2825 Truc.
296 2757 362 2823 196
397 2761 521 2823 mentio
546 2759 685 2841 quotiens
708 2756 747 2823 iit
772 2760 940 2841 partionis.

189 2878 223 2964 2)
243 2881 359 2965 Amph.
382 2882 449 2947 490
485 2881 689 2948 clandestina
714 2888 749 2944 ul
772 2883 892 2956 celetur
916 2886 1097 2950 consuetio.

295 2988 361 3054 863
398 2991 428 3054 in
456 2992 623 3072 superiore
647 2992 701 3072 qni
725 2988 838 3055 habito
863 2991 1029 3056 cenaculo,

297 3095 383 3161 1139
419 3102 533 3162 nostro
558 3097 611 3179 qni
634 3101 685 3161 est
708 3103 885 3180 susceptus
911 3099 1046 3163 semine.

219 3201 272 3269 As.
296 3203 360 3268 695
397 3202 559 3285 duplicem
585 3207 620 3265 ut
644 3201 782 3268 habeam
809 3202 964 3287 linguam.

296 3309 360 3376 725
396 3308 495 3375 huius
520 3330 597 3392 quas
621 3309 695 3374 dem
722 3313 825 3375 matri.

204 3414 273 3482 dul.
297 3416 360 3482 351
397 3415 460 3483 hos
485 3422 519 3479 nt
543 3419 687 3499 accipias
711 3433 848 3499 coquos.

189 3521 277 3607 Capt.
302 3523 365 3589 101
403 3543 499 3589 suom
524 3524 578 3607 qui
602 3530 705 3589 mutet
728 3522 843 3588 lilium.

296 3629 359 3695 117
395 3629 542 3714 fugiendi
567 3632 595 3691 si
618 3631 727 3694 datast
751 3633 891 3695 occasio.

294 3736 360 3801 342
395 3743 486 3802 tuom
512 3737 567 3820 qni
590 3738 764 3801 conueniat
789 3742 922 3819 patrem.

295 3843 361 3909 510
398 3846 460 3909 mel
485 3843 540 3906 nbi
564 3850 642 3909 sunt
666 3843 718 3908 alii
745 3845 872 3926 captiui.

210 3967 281 4035 Cas,
298 3968 363 4034 220
398 3973 447 4034 tot
471 3969 524 4047 oni
548 3974 683 4034 utuntur
706 3967 936 4034 condimentis.

295 4076 360 4141 558
396 4078 505 4141 miseri
531 4081 566 4138 ui
589 4073 749 4141 festinant
773 4094 882 4141 senes.

202 4200 279 4270 cist.
296 4201 360 4267 317
398 4220 506 4266 meum
532 4217 610 4278 prone
633 4202 811 4283 corrumpit
835 4199 950 4266 lilium.

293 4308 356 4374 521
395 4326 499 4373 meam
526 4313 560 4370 ut
584 4311 671 4373 scias
696 4309 904 4373 sententiam.

293 4415 356 4480 611
395 4414 639 4480 medioxumam
665 4432 758 4494 quom
783 4414 875 4481 duxit
900 4414 1078 4481 mulierem.
