3322 5236
677 362 888 481 Α

278 600 344 665 275
378 600 413 665 rit
438 606 494 664 tuo
520 601 767 681 recipias'tecto
792 615 970 679 servesque
996 602 1058 660 nos

379 706 648 788 miseriarumque
666 714 697 770 te
722 703 892 770 ambarum
920 704 966 765 uli
991 703 1151 766 misereat.

278 831 341 897 321
377 850 449 896 cum
485 831 581 896 istius
612 829 701 895 modi
732 828 909 895 virtutibus
941 829 1241 910 operisquenatus
1270 827 1324 904 qni
1347 827 1398 890 sit.

279 939 344 1004 429
377 938 480 1004 otium
507 937 560 1020 nli
584 939 650 1017 erit,
675 943 743 1002 tum
770 936 828 1001 tibi
854 954 986 1019 operam
1014 987 1019 999 .
1044 987 1050 999 .
1076 986 1082 999 .
1108 932 1204 998 dabo.

279 1044 345 1110 455
379 1047 411 1109 in
436 1062 525 1109 aram
552 1050 585 1106 nl
610 1042 851 1126 confugiamus.

280 1152 345 1216 505
380 1151 433 1234 pol
459 1151 605 1216 minume
631 1152 737 1228 miror,
763 1152 857 1215 navis
881 1150 909 1210 si
933 1147 1067 1213 fractast
1091 1147 1158 1212 tibi.

279 1259 344 1324 573
377 1257 410 1324 at
434 1257 527 1322 vides
554 1276 613 1336 me,
638 1263 774 1323 ornatus
799 1263 834 1319 ιιι
858 1259 920 1321 sim
947 1255 1155 1321 vestimentis
1180 1253 1309 1320 vividis.

279 1364 345 1430 579
378 1365 409 1429 in
437 1366 516 1428 mari
543 1363 625 1442 qrrorl
648 1364 740 1444 elavi,
766 1366 797 1428 ni
825 1363 876 1428 iric
902 1366 933 1428 in
959 1369 1042 1428 terra
1068 1365 1182 1427 iterum
1209 1362 1326 1427 eloam.

280 1473 345 1536 598
377 1464 706 1536 ad'hirimdininum
748 1471 860 1536 nidum
894 1474 1000 1535 visast
1039 1471 1135 1534 simia

378 1579 609 1644 ascensionem
635 1585 668 1640 ut
695 1578 813 1643 taceret
837 1577 1033 1643 admolirier.

280 1685 344 1750 602
379 1685 492 1768 rogare
517 1685 625 1751 scalas
651 1692 683 1747 ul
708 1685 818 1750 darem
846 1684 987 1750 utendas
1012 1683 1084 1749 sibi.

279 1793 344 1857 616
378 1792 548 1876 agricolae.
574 1791 703 1858 accolae
729 1794 902 1876 propinqui
931 1793 985 1870 qui
1008 1793 1098 1856 estis.

280 1899 345 1965 632
369 1900 410 1964 ab
436 1898 630 1982 lippitudine
657 1918 761 1983 usque
785 1902 919 1964 siccitas
946 1905 978 1959 ιιι
1002 1900 1044 1962 sit
1072 1897 1140 1962 tibi.

279 2006 344 2072 674
378 2005 436 2098 sed
464 2006 550 2072 minc
576 1989 802 2071 sentierunt
827 2025 878 2071 res
903 2004 1287 2087 fortunaequenostrae.

279 2113 345 2178 680
379 2115 406 2178 si
433 2113 532 2178 modo
559 2112 589 2177 id
616 2113 718 2193 liceat,
744 2116 793 2177 vis
818 2136 856 2175 ιιι
880 2115 1052 2196 opprimat.

279 2219 345 2285 696
379 2221 409 2284 in
432 2218 635 2285 custodelam
662 2238 724 2285 nos
749 2225 839 2285 tuam
866 2226 900 2282 nt
925 2222 1071 2302 recipias

176 2322 177 2326 ’
280 2325 344 2391 730
378 2331 412 2391 tu
439 2327 533 2409 ipsus
558 2332 589 2391 te
614 2331 648 2388 ιιι
674 2344 739 2390 nnn
767 2329 908 2392 noveris,
966 2381 968 2387 ι

279 2432 344 2498 744
380 2433 473 2498 trima
499 2449 577 2511 qrrne
602 2437 695 2517 periit
720 2432 809 2498 mihi.
843 2520 845 2523 ι

284 2540 350 2605 802
384 2539 474 2605 salva
499 2541 527 2602 oi
548 2539 642 2606 foret.
776 2539 778 2547 '
855 2549 857 2555 ’
941 2534 942 2537 ’

279 2647 344 2712 822
385 2650 447 2712 iam
474 2647 536 2712 hoc
561 2647 688 2712 llerculi
715 2653 766 2714 est
790 2647 926 2714 Veneris
952 2646 1065 2713 lanum
1092 2646 1175 2725 qrrod
1197 2645 1267 2712 luit.

279 2753 344 2818 834
378 2772 502 2836 quaeso
529 2753 632 2820 lre'rcle
657 2754 746 2820 abire
771 2761 804 2817 ιιι
829 2755 931 2820 liceat.

278 2860 344 2925 890
376 2860 488 2926 venim
514 2866 623 2926 tamen
650 2861 713 2941 ibo,
739 2864 766 2927 ei
792 2862 973 2927 advocatos
997 2867 1033 2923 ιιι
1053 2863 1148 2943 siem.
1218 2935 1221 2938 Α

278 2966 344 3032 898
379 2966 485 3046 miror,
510 2965 550 3032 de
576 2974 670 3033 nocte
696 2969 749 3045 qui
773 2968 853 3033 abiit
878 2970 1050 3051 piscatum.

279 3073 344 3138 959
378 3092 464 3138 nunc
490 3073 568 3138 milri
593 3076 621 3136 si
645 3076 695 3139 vis
721 3074 797 3140 dare
822 3074 1004 3140 dimidium.

279 3181 344 3245 963
378 3179 524 3246 vidulum
553 3184 652 3246 istum
678 3184 787 3259 quoius
811 3189 860 3247 est
883 3185 958 3247 novi
984 3200 1046 3266 ego
1071 3182 1247 3259 hominem.

280 3286 345 3352 970
379 3286 465 3353 lronc
490 3289 544 3365 qui
568 3290 637 3370 cepi
665 3289 696 3352 in
723 3295 843 3353 venatu
870 3306 951 3354 meo.

281 3392 367 3459 1088
389 3392 441 3460 lac
466 3397 522 3473 sis,
547 3413 661 3459 aurum
687 3401 721 3457 ut
745 3394 884 3472 videam,
910 3402 986 3477 post
1010 3414 1072 3478 ego
1089 3394 1216 3475 faciam,
1235 3402 1269 3460 ut
1286 3393 1401 3460 videas

386 3502 547 3567 cistulam.

281 3623 368 3689 1120
399 3645 470 3691 eam
505 3631 536 3692 te
572 3645 697 3710 quaeso
735 3627 885 3692 cistulam
899 3634 913 3703 ,ι
928 3628 962 3692 irt
999 3628 1112 3693 iubeas
1148 3599 1235 3693 lrunc
1267 3626 1400 3694 reddere

400 3733 462 3798 illis
487 3734 554 3799 :ob
580 3752 651 3798 eam
676 3734 781 3811 siquid
805 3735 973 3817 postulati
982 3735 1044 3800 sibi
1072 3734 1241 3800 mercedis

282 3855 366 3922 1171
403 3859 434 3923 e't
458 3859 546 3924 bulla
571 3866 702 3925 aureast
727 3881 734 3924 :
758 3866 848 3942 pater
871 3879 970 3944 quarn
995 3860 1084 3926 dedit
1109 3859 1196 3925 mihi.

177 3995 180 4000 ·
282 3981 368 4082 1215
404 3986 467 4048 iam
493 3983 545 4049 hic
569 3982 620 4049 lac
647 3987 698 4061 sit,
723 4004 802 4051 cena
827 3992 863 4050 ut
885 3992 1022 4052 curetur.

281 4105 368 4171 1230
400 4107 541 4173 alienum
566 4108 657 4192 quod
677 4115 736 4175 est.
1097 4101 1098 4104 ¹

281 4229 367 4295 1287
402 4230 516 4297 saltem
558 4239 600 4306 uti
632 4252 702 4299 eam
747 4233 919 4313 abducam,
960 4233 999 4300 de
1040 4234 1137 4300 bonis
1176 4233 1267 4318 quod
1302 4239 1402 4300 restat

395 4337 609 4421 reliquiarum.

281 4443 377 4509 1296.
402 4444 442 4510 ad
469 4444 604 4528 Gripum
630 4453 665 4512 ut
687 4450 804 4514 veniat.
