3360 5236
793 366 1006 463 —8-0„

392 582 458 649 910
493 583 594 648 tomo
617 582 651 647 u·
674 581 724 646 rue
749 540 838 647 auu.

376 690 461 756 1074
498 709 573 756 esse
598 687 665 755 reru
690 695 725 754 ut
749 689 874 754 salvam
900 691 998 753 scias.

377 798 462 863 1104
498 815 595 862 suoru
620 797 679 880 qui
701 795 849 862 oiiicium
874 796 980 861 tacere
1006 797 1178 861 immemor
1202 801 1262 861 est.

375 905 463 970 1100
498 906 541 970 eri
566 905 671 969 sisui
698 923 733 969 se
758 903 966 969 abdiderunt.

287 1049 368 1117 Rud.
392 1049 459 1114 540
494 1067 608 1113 aurum
634 1046 733 1130 atque
757 1053 928 1129 argentum
955 1044 1012 1111 ubi
1033 1065 1131 1112 omne
1156 1052 1363 1129 compactum
1389 1046 1459 1113 1011.

393 1156 458 1221 985
495 1154 603 1220 nterim
628 1153 720 1238 quod
741 1160 806 1219 rete
830 1160 928 1237 atque
954 1154 1042 1218 hauri
1069 1157 1176 1219 nancti
1204 1161 1292 1220 sunt.

286 1299 386 1366 Stich.
399 1298 464 1364 274
499 1298 680 1381 80015001
703 1301 839 1387 nuntius
866 1296 1061 1379 perhibetur.

393 1407 456 1471 001
495 1404 567 1470 mea'
591 1405 651 1488 qui
673 1423 771 1469 causa
798 1409 967 1486 sumptum
994 1402 1078 1469 iecit.

286 1547 460 1615 1010123
496 1547 684 1630 malumque
709 1553 744 1610 ut
767 1547 866 1611 huius
891 1565 964 1611 curu
990 1553 1047 1610 tuo
1073 1548 1229 1612 misceres
1257 1547 1355 1612 urata.

395 1656 458 1720 154
494 1673 557 1720 suo
581 1671 622 1719 ue
644 1660 745 1736 gnato
770 1653 944 1719 crederem,

393 1763 459 1827 548
495 1760 601 1826 matris
626 1763 658 1825 iu
683 1779 780 1844 quem
805 1780 922 1825 omnes
949 1759 1077 1843 publice
1104 1762 1185 1825 mitti
1212 1760 1312 1826 decet.

394 1869 457 1934 021
495 1869 574 1951 quoi
598 1873 687 1933 tuarn
712 1886 811 1951 quom
836 1887 901 1932 reru
928 1867 1114 1932 credideris

395 1976 460 2052 712
493 1995 588 2041 meus
613 1981 647 2040 ut
670 1978 802 2040 animus
828 1980 888 2041 est.

395 2084 484 2150 788a
521 2083 578 2148 sed
605 2082 765 2165 epistulas
789 2082 922 2166 quaudo
946 2085 1143 2165 opsignatas
1168 2081 1300 2148 adferet.

289 2227 379 2293 Truc.
419 2227 463 2292 35
499 2232 564 2293 rete
587 2227 647 2310 001
669 2226 810 2292 iacuiuru
837 2233 937 2309 parat.

398 2335 464 2401 305
504 2333 620 2400 lateres
644 2335 678 2399 si
700 2338 826 2399 veteres
852 2341 957 2399 ruant.

394 2441 460 2506 438
495 2440 670 2524 germanae
694 2440 785 2524 quod
806 2445 909 2505 sorori
937 2461 1002 2506 nou
1029 2441 1130 2507 credit
1155 2460 1257 2512 soror.

395 2549 461 2613 030
496 2555 607 2614 uentre
631 2548 708 2613 dum
733 2548 826 2612 saiuu
852 2548 933 2613 iicet,

395 2656 457 2727 771
497 2656 590 2721 natus
614 2657 674 2740 qui
695 2655 818 2721 adiiuis
843 2655 914 2721 tuit.

394 2764 460 2828 005
496 2762 669 2846 meamque
693 2770 729 2828 ut
752 2783 817 2829 rem
844 2764 941 2829 video
967 2764 1050 2829 bene
1075 2770 1216 2847 gestam.

289 2959 377 3026 Εο0.
402 2960 509 3026 annai.
536 2960 577 3024 18
613 2959 726 3025 Venus
750 2978 847 3042 quem
873 2959 1007 3042 pulchra
1033 2960 1166 3026 dearum
1193 2959 1250 3024 tari
1278 2959 1421 3025 donavit.

418 3067 460 3133 37
497 3072 587 3150 pater
610 3085 710 3150 quam
736 3074 848 3133 noster
872 3067 1005 3149 deperit.

395 3174 461 3239 320
498 3174 720 3240 Rornanorum
747 3175 958 3257 induperator
981 3174 1073 3259 quod
1093 3177 1234 3257 quisque
1255 3177 1285 3239 10
1302 3173 1387 3239 betto
1404 3178 1517 3257 gessit.

289 3337 377 3385 scen.
395 3317 459 3383 134
495 3336 586 3384 ureae
609 3335 682 3384 cum
706 3322 791 3384 vitae
818 3338 956 3401 parcam.

397 3424 458 3490 101
497 3425 766 3508 validaquoruru
790 3429 916 3491 tenacia
942 3424 1104 3491 infrenari.

396 3532 462 3597 200
497 3551 588 3598 ureae
615 3534 645 3597 iu
670 3551 767 3615 quern
792 3533 953 3599 lacrumae
978 3534 1129 3616 guttatim
1156 3531 1286 3597 cadunt.

250 3759 252 3762 ψ
289 3710 424 3778 Pacuv.
448 3708 513 3776 244
550 3710 693 3794 lymphis
717 3710 815 3777 tiaris
839 3711 964 3776 iuiuum
991 3716 1026 3776 01
1050 3710 1215 3793 pulverem
1242 3763 1248 3776 .
1273 3763 1279 3776 .
1304 3709 1447 3777 abluam.

396 3818 462 3883 308
499 3818 530 3883 10
554 3836 620 3901 qua
644 3837 760 3883 saxum
787 3819 950 3902 impulerit
973 3817 1051 3883 turs,

289 3993 366 4063 Ter.
392 3995 489 4062 Andr.
512 3996 578 4062 478
742 3997 849 4062 hicine
875 4016 925 4061 rue
949 3997 982 4062 si
1004 4000 1198 4079 imparatum
1226 3998 1257 4061 10
1283 3999 1368 4062 veris
1395 3999 1518 4079 nuptiis

495 4103 632 4169 adortus
664 4110 763 4170 esset.
1375 4133 1377 4136 ⁴

290 4226 370 4293 Eun.
394 4224 460 4293 402
500 4231 609 4312 negoti
633 4228 797 4312 siquando
821 4228 933 4293 odium
960 4234 1097 4311 ceperat.

397 4330 463 4400 413
498 4336 682 4419 elephantis
706 4352 802 4419 quem
827 4334 946 4400 indicis
971 4335 1177 4418 praefecerat.

421 4441 463 4507 13
496 4449 591 4508 vetus
616 4443 650 4508 si
672 4449 767 4524 poeta
794 4440 859 4507 000
886 4442 1064 4508 lacessitet.
