3322 5236
875 353 968 441 ‘36‘

404 584 491 658 1026
525 591 700 676 exsequias
730 588 889 656 Chremeti
920 589 1040 674 quibus
1069 595 1120 655 est
1144 586 1355 654 commodum
1382 589 1435 669 ire,

518 717 568 765 ern
593 702 726 781 tempus
750 703 810 763 est.

404 797 502 873 1040
525 804 745 882 filiuslhdmo
775 803 971 871 adulescens
995 805 1028 870 si
1056 803 1155 870 habet
1183 822 1281 871 unam
1307 806 1455 883 amicam,
1484 808 1519 869 tu

530 930 648 979 uxores
673 911 767 978 duas.

293 1074 367 1143 Hec.
390 1075 435 1141 38
470 1077 502 1140 in
528 1073 729 1157 experiundo
755 1078 790 1137 ut
813 1091 934 1138 essem.
1129 1158 1133 1169 1

403 1181 447 1248 76
481 1181 639 1248 senensi
661 1187 793 1264 quaeret
818 1199 870 1246 me
895 1179 995 1245 modo
1022 1181 1088 1245 isse
1113 1179 1221 1246 dicito.

405 1288 471 1356 116
508 1306 640 1355 uxorem
666 1292 702 1353 ut
725 1287 832 1354 ducat.

403 1396 469 1463 139
504 1394 578 1479 plus
601 1393 711 1478 prims,
738 1413 813 1460 sese
838 1392 889 1458 1113
915 1393 1080 1459 abstinere
1104 1399 1140 1458 ut
1163 1397 1312 1477 potuerit

403 1503 465 1569 211
498 1510 568 1569 tum
586 1506 695 1568 autem
710 1501 750 1568 ex
767 1503 882 1567 amicis
897 1502 1017 1566 inimici
1032 1505 1067 1566 ut
1079 1503 1146 1566 sint
1160 1499 1258 1566 nobis
1265 1503 1279 1577 1
1285 1499 1414 1567 adfines
1427 1500 1519 1568 iacis.

402 1609 468 1677 275
503 1609 623 1694 dignae
647 1615 683 1674 ut
705 1608 876 1674 videamur
901 1607 996 1673 maio.

402 1716 468 1783 360
504 1734 571 1782 non
597 1718 707 1782 sciunt
731 1717 794 1799 ipsi
820 1717 916 1796 viam,
941 1704 1081 1780 domum
1102 1732 1169 1798 quo
1192 1716 1349 1783 veniant?

403 1823 489 1892 365..
506 1822 581 1889 na'm
608 1822 708 1889 modo
734 1825 818 1888 intro
844 1841 895 1888 me
919 1828 954 1887 ut
978 1824 1116 1904 corripui
1141 1821 1289 1888 timidus.

402 1929 467 1997 477
504 1932 596 1996 matri
623 1948 715 1995 meae
731 1932 744 1994 1
759 1929 847 2013 quud
867 1928 1027 1996 concedat
1050 1931 1187 2014 eiusque
1212 1947 1321 1995 mores
1346 1928 1469 1996 toleret.

403 2037 470 2104 498
505 2055 603 2122 quam
629 2036 672 2101 ob
698 2036 764 2102 rem
789 2042 820 2102 te
845 2035 990 2116 orabam,
1014 2035 1115 2102 iiiiam
1141 2042 1177 2101 ut
1199 2038 1389 2103 remitteres.

404 2143 467 2211 491
506 2162 579 2210 cum
606 2144 644 2210 ed
669 2146 747 2223 uiro,
772 2162 824 2209 me
847 2144 907 2227 qui
928 2147 971 2209 sit
994 2142 1199 2210 fortunatior.

406 2251 471 2318 543
507 2250 540 2317 dt
564 2251 617 2334 poi
644 2253 706 2316 iam
733 2251 843 2326 aderit,
858 2270 905 2342 ¹se
929 2270 1061 2336 quoque
1085 2253 1182 2317 etiam
1207 2269 1280 2316 cum
1304 2250 1417 2318 oderit.

402 2357 469 2425 549
503 2357 572 2424 tdm
599 2360 784 2441 prospicere
815 2363 871 2423 aut
903 2357 1053 2437 iudicare,
1085 2363 1231 2423 nostram
1265 2361 1296 2423 in
1329 2377 1394 2424 rem

496 2463 588 2549 quod
609 2467 661 2544 sit,
686 2470 789 2547 potes.

403 2571 466 2638 571
505 2590 640 2655 puerum
667 2577 702 2635 ut
725 2570 846 2637 tollam.

404 2679 468 2746 574
505 2681 576 2764 ipse
600 2679 718 2761 eripuit
741 2681 782 2757 vi,
808 2680 838 2742 in
865 2678 968 2761 digito
991 2696 1087 2762 quern
1112 2678 1235 2758 habuit,
1259 2680 1376 2762 virgini
1402 2677 1519 2744 abiens

497 2785 641 2852 anulum.

403 2892 468 2958 580
492 2895 680 2971 commerui,
706 2895 821 2958 merito
846 2898 881 2957 ut
904 2899 1032 2975 caperet
1057 2892 1169 2958 odium
1196 2892 1292 2959 iilam.

402 3000 468 3067 609
504 2999 591 3083 quod
618 2997 809 3065 ia'ciundum
836 3001 879 3064 sit
904 3005 979 3081 post
1003 2998 1147 3065 tortasse
1173 2999 1258 3065 idem
1285 2999 1347 3065 hoc

496 3125 583 3173 nunc
605 3107 639 3173 cr'
659 3105 784 3172 feceris,

405 3213 470 3280 616
505 3232 544 3279 ex
563 3231 624 3279 usu
642 3212 734 3297 quod
743 3217 802 3293 est,
820 3212 850 3278 id
867 3232 1052 3297 persequar.
1083 3213 1149 3279 686
1174 3232 1307 3280 uxorem
1324 3212 1518 3279 utduceres.

404 3320 470 3386 703
505 3338 664 3404 praesens
687 3318 820 3404 quondo
845 3338 1024 3403 promoveo
1050 3339 1174 3404 parum.
1423 3408 1425 3411 v

400 3427 465 3494 744
503 3446 635 3494 uxorem
651 3427 735 3494 hanc
745 3428 940 3511 prinsquam
954 3428 1056 3507 duxit,
1069 3434 1214 3494 vestrum
1233 3445 1379 3493 amorem
1401 3426 1515 3511 pertuli

401 3534 468 3601 749
503 3533 707 3619 pderumque
730 3534 773 3601 ob
804 3553 875 3600 eam
902 3554 967 3600 rem
994 3535 1075 3601 ciam
1107 3535 1219 3615 votuit,
1241 3540 1342 3600 natus
1372 3534 1431 3618 qui
1458 3539 1517 3614 est

496 3645 693 3726 extinguere.
739 3640 804 3706 752
840 3660 973 3708 uxorem
999 3647 1034 3706 ut
1058 3641 1159 3707 duxit.

402 3748 467 3815 760
502 3767 578 3814 nam
593 3751 729 3814 meritus
742 3748 783 3814 de
802 3767 853 3814 me
866 3754 926 3828 est,
940 3748 1029 3833 quod
1048 3766 1175 3832 queam,
1194 3747 1235 3813 1111
1252 3754 1288 3813 ut
1299 3747 1517 3828 commodem,

403 3855 468 3921 764
502 3855 554 3923 iaie
585 3855 699 3922 eadem
730 3862 766 3922 ut
796 3858 843 3921 sis
880 3875 1006 3939 porro:
1031 3862 1143 3922 nostra
1176 3861 1265 3921 utere
1298 3857 1450 3931 amicitia,
1483 3861 1517 3921 ut

496 3962 711 4035 volesla'iiter
732 3963 766 4029 si
787 3963 898 4029 iacies

398 4068 463 4135 784
499 4069 624 4136 dehac
649 4090 681 4136 re
705 4069 836 4135 animus
857 4088 951 4135 meus
976 4075 1012 4134 ut
1034 4072 1085 4135 sit.

403 4176 468 4243 789
503 4196 579 4243 nam
605 4176 706 4260 nupta
724 4180 881 4243 meretrici
900 4177 1007 4242 hostis
1025 4184 1084 4257 est,
1108 4196 1126 4242 a
1146 4180 1215 4243 viro
1233 4175 1290 4242 ubi
1304 4181 1516 4260 segregatast

402 4282 465 4349 791
504 4302 570 4350 rem
596 4283 653 4349 udi
675 4286 856 4367 cognorint

402 4391 464 4457 801
502 4390 693 4475 Myconium
720 4391 884 4474 hospitem
909 4390 987 4455 dum
1011 4397 1167 4475 exspecto
1194 4394 1224 4456 in
1251 4408 1331 4455 arce.

401 4497 465 4564 867
502 4500 613 4564 omnia
638 4516 755 4563 omnes
780 4495 837 4562 udi
857 4499 1047 4563 resciscunt.
