3322 5236
664 356 833 428 ’45

305 577 369 644 367
408 597 447 644 ex
472 576 602 643 infinito
625 595 711 661 6666
734 579 867 662 possint
890 575 973 643 iorte
998 582 1117 643 coorta.

305 685 368 752 371
406 687 556 769 exspergi
580 703 646 769 666
671 688 803 768 possint
828 687 956 752 moenia
982 684 1107 751 mundi.

305 794 370 860 377
406 791 532 860 mortali
559 810 693 877 corpore
717 811 803 877 quae
827 798 914 859 sunt.

304 901 370 966 465
406 902 517 966 omnia
543 918 636 984 quae,
660 918 794 966 sursum
819 917 892 965 cum
916 898 1139 978 concinantur,
1164 901 1195 965 in
1220 898 1295 966 aito.

286 1007 370 1085 ,472
400 1010 489 1083 ‚inter
514 1013 669 1091 utrasque
692 1007 782 1092 globi
807 1025 946 1091 quorum
970 1010 1140 1072 vertuntur
1165 1008 1196 1071 in
1221 1008 1319 1072 auris.

305 1116 370 1181 515
405 1119 517 1181 contra
541 1115 601 1198 661
622 1113 786 1181 subvehat
810 1113 932 1180 orbem.
1448 1099 1450 1108 ’

305 1223 371 1289 530
407 1221 553 1288 motibus
577 1227 740 1287 astrorum
765 1239 851 1306 6666
875 1227 1007 1303 possrnt
1031 1239 1106 1287 esse
1131 1239 1189 1304 per
1211 1238 1318 1287 omne.

305 1330 371 1397 578
407 1331 530 1395 nostris
555 1328 666 1395 oculis
683 1346 750 1412 666
773 1331 948 1395 cemimus.

304 1438 370 1503 615
406 1455 471 1520 666
497 1441 592 1520 66616
616 1487 623 1501 .
647 1488 654 1501 .
679 1488 686 1501 .
710 1435 806 1502 adeat
830 1434 937 1502 flexus
961 1440 1060 1518 atque
1085 1434 1160 1501 inde
1185 1438 1349 1501 revertens
1386 1502 1388 1505 ,

412 1544 517 1609 cancri
544 1561 580 1609 se
603 1547 639 1607 ut
663 1547 767 1608 vertat
791 1547 896 1608 metas
920 1542 961 1608 ad
988 1542 1190 1608 solstitiales

304 1650 370 1716 628
406 1648 538 1716 inierior
562 1649 665 1715 muito
689 1649 780 1733 quod
801 1651 845 1715 sit
869 1667 967 1732 quam
992 1647 1117 1715 iervida
1141 1651 1246 1733 signa.

304 1758 369 1824 713
406 1763 440 1823 61
463 1756 596 1836 faciunt,
622 1757 732 1823 lunam
757 1756 817 1841 661
837 1755 969 1840 iingunt
992 1775 1069 1822 esse
1100 1754 1176 1840 pilai
1209 1755 1425 1823 consimilem.

305 1865 370 1931 706
405 1883 422 1931 6
446 1870 530 1931 1666
553 1864 710 1948 quoniam
734 1869 813 1929 sunt
837 1868 953 1930 cuncta
978 1869 1093 1930 creata.

303 1971 369 2037 843
406 1991 464 2038 666
488 1970 593 2038 iacere
619 1977 655 2036 ut
677 1977 815 2055 possent
840 1973 1015 2055 quicquam
1042 1989 1101 2036 nec
1125 1970 1248 2037 cedere.

303 2079 367 2145 851
405 2077 524 2163 666616
549 2080 689 2162 primum
716 2084 751 2143 ut
775 2080 850 2158 sint,
874 2077 1028 2162 genitalia
1053 2076 1172 2143 deinde
1198 2096 1254 2162 per
1276 2082 1367 2143 artus

411 2188 628 2269 seminaque
653 2190 796 2267 possunt
820 2185 977 2251 membris
1002 2202 1134 2250 manare
1159 2185 1307 2251 remissa.

303 2294 369 2360 900
404 2293 530 2359 homini
553 2310 639 2376 quae
663 2299 713 2358 est
737 2311 809 2359 acre
833 2310 1007 2359 venenum.

305 2400 371 2466 008
406 2400 482 2465 16116
505 2400 565 2484 661
585 2398 683 2483 fingit
707 2402 857 2482 potuisse
881 2399 1035 2465 animaiia
1059 2401 1160 2483 gigni.

303 2507 368 2573 014
404 2513 495 2572 trans
521 2508 620 2572 maria
645 2506 709 2572 6116
734 2505 854 2589 pedum
882 2509 975 2572 nisus
1001 2512 1036 2571 ut
1060 2524 1180 2590 ponere
1205 2511 1329 2589 posset.

303 2613 368 2680 929
404 2633 463 2681 nec
487 2612 581 2679 166116
605 2633 644 2680 ex
669 2619 762 2679 aestu
789 2632 847 2680 nec
871 2612 990 2697 irigore
1014 2613 1105 2697 quod
1126 2619 1302 2697 caperetur.

303 2722 369 2788 076
404 2740 422 2786 6
447 2722 556 2803 parvis
580 2719 672 2804 quod
692 2720 777 2787 enim
802 2725 1003 2786 consuerant
1026 2738 1156 2786 cernere
1181 2737 1319 2803 semper.

303 2829 391 2895 1038
425 2831 480 2893 vix
504 2830 600 2893 etiam
626 2845 697 2892 cum
722 2834 801 2893 sunt
825 2827 941 2893 dentes
966 2845 1162 2910 unguesque
1186 2828 1292 2893 creati.
1358 2829 1375 2842 ''

305 2936 391 3002 1088
428 2941 517 3000 muta
542 2942 652 2999 tamen
677 2951 749 3000 cum
774 2938 849 3001 sint.

304 3042 388 3109 1001
427 3040 503 3107 iliud
530 3044 562 3107 in
588 3040 640 3106 iris
665 3040 763 3107 rebus
786 3044 907 3108 tacitus
931 3058 972 3107 ne
987 3039 1079 3123 sorte
1102 3042 1257 3124 requiras.

304 3149 389 3215 1107
426 3151 558 3232 ingenio
581 3147 641 3231 661
663 3147 883 3232 praestabant.
1268 3168 1271 3173 ·

303 3257 389 3323 1375
426 3263 518 3338 prata
542 3255 632 3321 lacus
657 3257 745 3321 riuos
771 3261 901 3339 segetes
927 3258 1101 3339 vinetaque
1127 3254 1209 3321 iaeta

425 3362 565 3429 coitibus
590 3367 621 3428 et
645 3365 771 3445 campis
796 3368 831 3428 ut
854 3362 1020 3429 haberent.

241 3486 280 3554 Vi
305 3488 347 3554 27
383 3491 469 3553 uiam
496 3489 702 3568 monstrauit,
726 3489 855 3553 tramite
880 3506 981 3570 paruo

384 3614 451 3680 666
475 3613 654 3679 possemus
678 3594 719 3660 ad
746 3594 776 3660 id
803 3600 889 3661 recto
914 3594 1111 3661 contendere
1134 3613 1242 3661 cursu.

196 3700 199 3706 ’
302 3702 354 3783 00,
377 3702 443 3769 385
516 3698 518 3703 ’
693 3721 759 3786 666
783 3708 879 3785 66616
904 3720 961 3785 per
985 3701 1055 3767 1666
1081 3706 1194 3786 saepta
1265 3785 1266 3789 Ἰ

477 3804 660 3888 insinuarit,
684 3816 716 3875 et
740 3808 816 3874 irinc
841 3808 1034 3874 dominatus
1059 3814 1095 3873 ut
1116 3807 1265 3875 extuierit
1289 3826 1334 3875 se.

303 3911 366 3981 161
403 3935 461 3982 666
493 3915 997 3999 1661661661166166116116615.

302 4023 367 4088 158
402 4029 521 4089 ventus
546 4026 632 4090 enim
658 4041 729 4088 cum
754 4021 918 4103 confercit,
943 4020 1148 4107 franguntur.

304 4128 365 4196 171
403 4148 501 4213 quam
527 4132 682 4196 tonitrum
708 4132 898 4214 accipimus,
923 4131 1042 4212 pariter
1064 4129 1124 4213 661
1146 4131 1287 4195 mittitur
1303 4129 1378 4213 igni.

302 4237 365 4303 261
404 4238 435 4301 16
460 4242 542 4303 1666
567 4256 699 4321 666666
723 4243 759 4303 61
781 4233 973 4318 horrescant
996 4255 1034 4302 ac
1058 4242 1142 4302 tecta
1167 4239 1341 4320 requirant

302 4339 367 4410 267
402 4343 539 4410 ilumina
564 4344 732 4410 abundare
756 4350 792 4409 ut
814 4341 958 4409 iacerent
982 4361 1185 4427 camposque
1209 4337 1329 4410 natare.

301 4450 366 4516 314
403 4456 445 4520 61.
470 4450 610 4534 iapidem
636 4450 721 4517 ierro
744 4467 817 4516 cum
841 4449 1021 4532 caedimus,
1046 4439 1154 4516 evolat
1181 4451 1277 4534 ignis.
