3374 5258
261 1069 288 1132 1.
312 1064 509 1134 Creberrime
523 1068 773 1133 coniunctiones
787 1071 818 1131 et
831 1085 1013 1150 pronomen
1029 1065 1196 1131 relativum
1211 1063 1252 1130 ad
1266 1062 1401 1128 verbum

178 1177 381 1255 traiciuntur;
415 1193 478 1258 qua
515 1177 546 1240 in
580 1193 611 1240 re
643 1173 722 1238 nibil
755 1176 897 1255 interest,
929 1179 1035 1238 utrum
1062 1191 1127 1238 una
1151 1191 1192 1237 an
1217 1170 1403 1253 complures

179 1300 277 1347 voces
301 1285 524 1349 coniunctioni
557 1280 752 1347 antecedant
783 1300 888 1365 neque
920 1285 1026 1346 utrum
1063 1280 1250 1346 coniunctio
1286 1277 1402 1342 eodem

178 1407 273 1454 versu
300 1408 341 1454 an
366 1393 472 1472 primo
497 1388 546 1455 vel
572 1388 720 1455 secundo
745 1388 817 1453 loco
850 1390 1020 1471 sequentis
1056 1405 1173 1452 versus
1209 1386 1316 1468 posita
1352 1385 1403 1450 sit.

179 1495 398 1580 Unaquaeque
435 1498 712 1580 pronuntiationis
749 1514 824 1578 pars
863 1497 1085 1561 coniunctioni
1127 1495 1175 1560 vel
1216 1494 1401 1576 pronomini

177 1603 311 1669 relativo
336 1611 367 1669 et
391 1603 491 1670 verbo
515 1609 582 1669 arte
607 1605 791 1669 coniunctis
816 1602 1006 1668 antecedere
1032 1608 1149 1685 potest.
1191 1600 1277 1667 llaec
1293 1605 1401 1666 autem

177 1709 276 1776 buius
301 1711 528 1779 collocationis
552 1716 684 1778 exstant
708 1710 869 1794 exempla:

284 1855 371 1937 apud
403 1853 587 1922 Naevium.
615 1852 697 1934 (ed³
721 1851 877 1936 Ribbeck)
912 1860 983 1938 trag
1013 1855 1057 1919 48
1093 1856 1156 1919 lam
1193 1850 1275 1917 solis
1309 1855 1403 1916 aestu

177 1960 300 2025 candor
322 1978 398 2027 cunr
420 1961 621 2046 liquesceret.

284 2104 366 2152 corn.
390 2087 434 2153 93
469 2089 609 2170 primum
647 2087 687 2152 ad
724 2091 876 2153 virtutem
913 2093 948 2152 ut
980 2086 1130 2165 redeatis,
1165 2084 1254 2150 domi
1295 2088 1403 2166 patres

121 2223 124 2235 ·
178 2194 314 2275 patriam
340 2199 375 2258 ut
397 2193 519 2260 colalls.

284 2316 356 2383 bell.
381 2317 458 2384 Pun.
481 2318 524 2384 47
549 2323 711 2397 convenit,
736 2337 871 2401 regnum
897 2319 995 2384 simul
1020 2338 1057 2384 ac
1082 2317 1172 2384 locos
1197 2323 1233 2382 ut
1248 2314 1404 2381 haberent

283 2424 339 2494 482
365 2424 502 2491 obsides
527 2432 562 2491 ut
584 2425 730 2492 reddant.

284 2534 383 2615 epigr.
406 2532 428 2597 3
453 2532 654 2599 immortales
680 2532 834 2599 mortales
857 2534 891 2598 ai
911 2533 994 2599 foret
1018 2531 1069 2598 las
1093 2531 1179 2598 llere.

283 2690 401 2759 Plaut.
436 2687 488 2774 (ed
515 2692 790 2776 Goetz-Schoell)
816 2692 931 2776 rlmpb.
962 2693 1002 2757 21
1028 2692 1160 2758 tametsi
1185 2709 1243 2775 pro
1268 2694 1403 2775 imperio

178 2797 274 2865 vobis
299 2798 389 2878 quod
410 2799 532 2865 dictum
557 2798 650 2866 toret.

284 2922 327 2988 29
351 2923 469 2990 mirare
494 2942 560 2990 non
587 2930 639 2990 est
662 2944 812 3009 aequom,
837 2924 899 2990 sibi
923 2926 957 2991 si
978 2927 1157 3007 praetimet.
1222 2925 1226 2933 '

283 3047 326 3113 54
351 3048 470 3114 faciam
504 3069 542 3115 ex
575 3049 742 3132 tragoedia
775 3049 946 3116 comoe'dla
978 3056 1014 3114 ut
1043 3052 1086 3115 sit
1110 3049 1266 3115 omnibus
1299 3048 1403 3114 isdem

179 3153 341 3222 uorsibus.

285 3262 323 3328 61
351 3263 445 3346 reges
470 3281 536 3346 quo
561 3267 696 3330 veniant
719 3269 751 3329 et
775 3263 817 3343 di,
843 3282 908 3328 non
935 3282 992 3346 par
1014 3263 1162 3329 arbitror.

286 3366 326 3435 83
351 3372 405 3453 qui
432 3370 496 3437 sibi
523 3370 727 3450 mandasset,
753 3370 893 3455 delegati
921 3376 958 3435 ut
982 3369 1183 3452 plauderent.

286 3472 326 3540 85
350 3479 422 3543 eius
447 3478 642 3544 ornamenta
668 3483 700 3543 et
723 3480 848 3544 corium
875 3478 925 3543 uti
945 3478 1163 3544 conciderent.

287 3580 350 3648 128
374 3584 499 3650 vorsari
526 3584 639 3650 crebro
664 3584 715 3650 lric
738 3597 840 3669 quom
864 3585 1013 3651 viderent
1037 3603 1089 3650 me
1113 3584 1212 3650 domi.

287 3688 352 3753 136
373 3691 543 3767 memorat,
570 3691 718 3774 legiones
744 3692 892 3758 bostium
919 3700 955 3757 ut
976 3691 1146 3776 fugaverit.

286 3796 349 3861 154
370 3799 552 3865 iuuentutis
592 3818 701 3865 mores
742 3800 803 3884 qui
840 3803 953 3880 sciam,
993 3802 1047 3884 qui
1088 3798 1151 3866 boc
1176 3801 1283 3866 noctis
1312 3799 1405 3864 50405

180 3902 356 3969 ambulem.

289 4009 354 4075 169
378 4009 440 4093 dno
464 4013 552 4079 lacto
576 4019 633 4078 aut
657 4014 745 4079 dicto
771 4013 889 4080 adeost
916 4033 1012 4098 opus,
1036 4016 1167 4097 quietus
1191 4031 1231 4080 ne
1255 4016 1312 4080 sis.

286 4116 351 4182 226
376 4116 483 4186 urbem
510 4138 622 4203 agrum
648 4139 723 4185 aras
748 4118 843 4186 locos
869 4140 970 4205 seque
996 4121 1044 4186 uti
1065 4120 1229 4187 dederent.

285 4222 349 4289 282
375 4222 434 4288 0454
460 4227 534 4291 item
561 4244 669 4305 unam,
695 4227 886 4293 verberatus
910 4246 1010 4312 quum
1035 4226 1174 4310 pependi
1200 4233 1378 4311 perpetem.

288 4329 353 4395 290
378 4348 448 4398 erus
472 4332 563 4417 quod
585 4335 755 4417 imperavit
784 4361 817 4385 =
846 4335 920 4401 586.

285 4436 352 4502 340
375 4436 432 4520 qui
449 4442 570 4527 possim
588 4440 688 4508 videri
708 4441 783 4509 lruic
800 4440 904 4519 tortis
921 4461 939 4508 a
958 4461 1008 4508 me
1027 4449 1062 4509 ut
1077 4440 1243 4509 abstineat
1259 4461 1403 4510 manum·
