3322 5236
716 376 929 474 -49-

318 590 381 656 166
417 589 695 675 quandoquidem,
720 591 889 674 speculum
911 607 1115 676 quocumque
1138 590 1342 670 obvertimus
1368 591 1436 655 oris

415 715 465 763 res
490 696 534 763 ibi
560 697 770 780 respondent.

316 802 383 869 223
417 822 491 870 cum
526 823 614 871 mare
647 824 816 871 versamur
848 811 987 889 propter,
1023 803 1193 890 dilutaque
1227 810 1339 870 contra

412 927 486 977 cunr
509 913 632 978 tuimur
656 914 784 979 misceri
809 911 976 978 absinthia
1002 911 1192 979 2V1929.

316 1016 382 1082 228
417 1024 574 1102 perpetuo
596 1019 752 1103 quomam
777 1021 941 1085 sentimus
967 1047 1008 1068 =
1022 1017 1060 1084 Vl
1081 1018 1156 1085 934.

317 1123 383 1190 242
418 1131 587 1209 propterea
612 1123 650 1192 iit
675 1128 730 1206 uti,
754 1127 897 1210 speciem
922 1143 988 1209 quo
1011 1128 1179 1205 vertimus
1203 1143 1329 1191 omnes.

317 1230 381 1298 257
418 1251 482 1313 cur,
506 1251 543 1300 ea
568 1251 651 1317 quae
675 1233 793 1300 ieriant
822 1232 937 1300 oculos
969 1233 1144 1299 simulacra
1177 1232 1277 1299 videri

416 1339 546 1423 singula
568 1357 641 1407 cum
658 1346 830 1425 nequeant
847 1359 898 1406 res
917 1342 1007 1423 ipsae
1032 1342 1278 1424 perspiciantur.

317 1445 384 1512 259
418 1453 537 1513 ventus
562 1450 648 1514 enim
674 1466 806 1532 quoque
830 1447 986 1531 paulatim
1010 1465 1082 1514 cum
1107 1446 1263 1515 verberat.

319 1552 384 1618 265
420 1560 583 1637 praeterea
609 1554 750 1638 lapidem
775 1554 880 1638 digito
903 1572 976 1621 cum
1000 1554 1182 1635 tundimus,

319 1659 384 1727 273
420 1661 520 1728 multa
545 1660 687 1746 facitque
710 1661 792 1728 ioris
816 1681 855 1729 ex
880 1661 1019 1729 aedibus
1043 1668 1080 1729 ut
1102 1662 1283 1728 videantur.

319 1766 385 1833 290
421 1767 483 1835 illic
506 1786 565 1835 cnr
586 1769 723 1837 reddant
748 1765 956 1854 speculorum
982 1788 1021 1836 ex
1045 1786 1186 1854 aequore
1210 1770 1329 1835 visum.
1441 1779 1442 1783 ’

256 1937 262 1949 ,
319 1874 384 1941 294
421 1875 588 1959 planitiem
614 1876 653 1942 ad
681 1877 804 1961 speculi
830 1879 967 1943 ueniens
991 1894 1064 1942 cum
1089 1875 1230 1943 oilendit
1255 1877 1373 1959 imago,

319 1980 385 2047 302
419 1980 458 2048 lit
482 2001 614 2067 quoque
638 1982 679 2048 de
704 1983 839 2067 speculo
864 1986 895 2049 in
921 1983 1092 2067 speculum
1110 1988 1145 2048 ut
1160 1982 1306 2048 tradatur
1322 1983 1440 2065 imago

319 2087 383 2153 321
423 2091 534 2155 omnia
557 2089 822 2174 quondoquidem
847 2092 935 2174 cogit
959 2094 1074 2156 natura
1099 2087 1217 2155 reierri.

320 2194 383 2260 331
421 2195 532 2278 multa,
556 2195 702 2263 dolorem
727 2197 832 2263 oculis
856 2213 942 2282 quoe
964 2198 1106 2281 gignunt
1130 2194 1341 2263 insinuando.

320 2302 382 2368 361
421 2302 460 2369 iit
484 2305 578 2387 quasi
605 2308 640 2370 ut
663 2302 703 2368 ad
729 2310 860 2370 tornum
886 2322 1040 2370 saxorum
1066 2309 1189 2370 structa
1212 2307 1351 2382 tuamur,

420 2428 485 2476 nun
511 2416 620 2477 tamen
646 2416 689 2489 ut,
714 2428 822 2477 coram
847 2417 1035 2494 quaesunt
1059 2428 1199 2495 vereque
1224 2407 1371 2475 rotunda.

321 2516 387 2582 366
422 2535 495 2583 aera
519 2517 553 2583 δι’
574 2517 680 2584 credis
705 2519 866 2602 privatum
892 2518 1015 2584 lumine
1040 2524 1167 2601 posses
1181 2515 1363 2601 indugredi.

321 2622 387 2689 404
424 2625 554 2708 iamque
590 2623 723 2690 rubrum
755 2624 903 2691 tremulis
936 2624 1029 2691 iubar
1061 2623 1194 2709 ignibus
1226 2625 1348 2707 erigere
1378 2622 1442 2690 alte

418 2747 492 2797 cum
516 2737 646 2815 coeptat
671 2736 785 2798 natura
810 2750 975 2816 supraque
999 2731 1153 2798 extoliere
1178 2731 1310 2797 montis.

321 2836 387 2904 460
422 2855 535 2904 severa
560 2837 690 2904 silentia
715 2840 822 2904 noctis
848 2838 993 2922 undique
1019 2855 1092 2904 cum
1112 2829 1278 2904 constent

322 2943 388 3010 466
424 2961 482 3027 pro
506 2946 589 3011 visis
613 2951 649 3011 ut
672 2947 747 3025 sint,
772 2963 856 3029 quae
881 2963 947 3011 non
973 2951 1052 3011 sunt
1077 2942 1308 3011 sensibu’visa.

321 3050 387 3116 469
423 3050 564 3135 denique
590 3051 633 3117 nil
659 3053 733 3117 sciri
756 3052 864 3136 niquis
888 3056 989 3135 putat,
1014 3050 1045 3117 id
1071 3068 1203 3135 quoque
1228 3053 1341 3118 nescit.

322 3158 389 3225 473
424 3163 589 3224 ettamen
615 3158 677 3225 lroc
700 3177 833 3243 quoque
857 3159 907 3225 uti
928 3158 1105 3226 concedam
1132 3161 1224 3226 scire.

322 3264 387 3332 481
426 3271 545 3349 sponte
570 3284 631 3332 sua
656 3269 741 3332 veris
765 3265 856 3350 quod
877 3269 984 3350 possit
1009 3268 1137 3333 vincere
1161 3264 1255 3333 lalsa.

324 3373 391 3439 498
426 3391 530 3457 aequa
554 3371 641 3440 lides
664 3373 821 3457 quoniam
845 3372 979 3440 debebit
1003 3391 1134 3457 semper
1157 3371 1277 3440 baberi.

324 3480 390 3547 510
428 3482 460 3545 in
484 3498 603 3564 genere
627 3479 690 3547 lroc
713 3478 879 3564 fugienda,
904 3482 1008 3564 sequi,
1032 3483 1192 3546 contraria
1215 3497 1301 3564 quae
1325 3482 1400 3545 sint.

324 3586 391 3660 530
426 3589 548 3671 quippe
572 3605 629 3671 per
651 3593 831 3670 angustum
863 3585 957 3653 turba
990 3589 1112 3654 maiore
1142 3592 1253 3653 coorta

426 3695 470 3760 ire
500 3692 591 3760 loras
615 3692 672 3759 ubi
693 3699 871 3777 coeperunt
896 3694 1072 3778 primordia
1097 3711 1225 3760 vocum.

326 3799 389 3866 541
430 3799 531 3867 multa
556 3800 696 3884 loquens
720 3800 875 3884 quoniam
898 3803 1019 3867 amittit
1042 3800 1083 3868 de
1107 3818 1242 3885 corpore
1266 3806 1400 3885 partem.

196 3980 199 3987 ,
326 3907 392 3973 560
427 3926 504 3992 ergo
529 3905 575 3987 lit,
600 3909 746 3974 sonitum
772 3913 807 3973 ut
830 3909 942 3991 possis
967 3909 1096 3974 sentire.

326 4014 391 4081 572
426 4033 511 4099 quae
551 4015 635 4082 bene
672 4032 744 4080 cum
784 4013 907 4096 videas,
953 4017 1112 4081 rationem
1160 4013 1293 4082 reddere
1332 4016 1445 4099 possis

423 4121 500 4188 conl
524 4121 557 4188 ΙΙΙ
582 4121 678 4189 1071.

325 4228 392 4295 578
428 4247 486 4295 sex
509 4230 606 4295 etiam
631 4234 689 4295 aut
713 4234 838 4312 septem
864 4227 937 4294 loco
962 4227 1028 4293 vidi
1054 4227 1187 4294 reddere
1211 4245 1321 4307 voces,
1345 4244 1443 4294 unam

422 4352 495 4401 cum
520 4337 651 4403 iaceres.

327 4442 392 4509 604
429 4461 468 4508 ex
491 4441 565 4509 aliis
589 4442 671 4509 aliae
694 4443 850 4527 quoniam
873 4444 1062 4527 gignuntur.
