3360 5236
783 380 994 477 ,111-

277 595 442 661 5111411
487 598 595 678 inopis
627 614 678 660 me
710 593 864 677 quodque
897 592 1004 672 pusilli
1031 591 1196 659 linxerunt
1220 595 1319 659 animi

486 701 518 782 (i.
543 721 568 767 e.
594 702 682 785 quod
709 721 760 767 me
785 702 886 765 animi
914 702 1023 783 inopis
1049 700 1225 783 pusillique
1248 699 1436 773 linxeruntl

416 834 456 872 111
492 813 593 875 vitatu
620 810 763 893 quidque
788 809 968 890 petitulsit
994 807 1121 874 melius.

488 916 520 996 (i.
544 936 570 982 e.
595 916 673 1000 quid
700 919 800 980 vitatu
828 917 996 998 petituque
1022 917 1065 979 sit
1090 913 1231 995 melius).

274 1040 436 1109 Tibulli
463 1044 507 1107 ln
548 1061 567 1106 o
600 1048 758 1124 quantum
798 1046 849 1105 est
880 1041 949 1104 auri
982 1046 1090 1121 pereat
1123 1043 1300 1123 potiusque
1335 1042 1500 1124 smaragdi

488 1147 520 1227 (i.
544 1168 570 1214 e.
595 1167 615 1213 o
640 1155 798 1230 quantum
825 1150 893 1211 auri
920 1146 1152 1229 smaragdique
1178 1151 1228 1212 est
1252 1149 1362 1230 potius
1380 1146 1501 1230 pereat)

403 1257 449 1320 611
493 1256 576 1320 lranc
601 1258 712 1319 animo
738 1254 902 1336 gaudente
927 1252 1038 1317 vident
1065 1256 1289 1337 inuenumque

487 1370 634 1428 cateruae
663 1367 922 1426 commemorant
948 1363 1062 1425 merito
1088 1367 1136 1425 tot
1162 1361 1246 1426 mala
1271 1360 1353 1427 terre
1378 1382 1501 1428 senem.

487 1469 519 1549 (i.
543 1489 569 1535 e.
595 1471 678 1535 hanc
702 1472 813 1534 animo
838 1466 1002 1550 gaudente
1028 1469 1184 1533 invenum
1210 1475 1359 1534 catervae
1390 1470 1501 1535 vident

359 1570 361 1573 ’
488 1585 812 1659 commemorantque
838 1629 843 1640 .
870 1627 875 1639 .
901 1573 920 1653 .)

381 1775 477 1841 Porro
500 1792 564 1858 que
589 1773 749 1839 interdum
776 1777 986 1857 coniungitur
1011 1793 1077 1839 non
1103 1792 1176 1838 cum
1204 1774 1316 1852 prima,
1341 1775 1398 1840 sed
1425 1794 1498 1841 cum

272 1883 418 1949 secunda
444 1886 627 1948 sententiae
652 1900 740 1946 uoce.
776 1881 916 1964 Saepius
941 1888 1049 1947 autem
1073 1880 1171 1946 altera
1191 1880 1242 1945 illa
1261 1901 1323 1946 vox
1340 1888 1408 1948 arte
1425 1901 1498 1947 cum

263 1989 485 2055 'antecedente
503 1991 675 2054 coniuncta
694 1994 753 2053 est.
778 1987 863 2063 llaec
881 1989 1053 2054 collocatio
1068 1989 1120 2053 his
1135 1988 1313 2052 iliustretur
1325 1991 1500 2071 exemplis:

273 2112 405 2182 Lucr.ll
422 2114 466 2179 48
502 2133 533 2179 re
558 2129 698 2196 ueraque
723 2119 830 2178 metus
855 2113 1037 2178 hominum.

378 2221 466 2287 1050
501 2240 553 2286 res
578 2223 715 2303 ipsaque
739 2239 795 2302 per
819 2239 855 2286 se
880 2220 1085 2287 vociteratur.

317 2330 349 2395 lll
397 2329 462 2394 662
502 2330 607 2411 ipsam
634 2345 735 2410 seque
759 2334 843 2393 retro
870 2335 992 2412 partem
1020 2335 1136 2412 petere.

400 2453 465 2519 030
500 2471 607 2536 aequo
632 2455 810 2537 animoque
833 2455 924 2536 capis
949 2472 1108 2533 securam,
1132 2452 1240 2531 stulte,
1264 2455 1416 2535 quietem.

400 2560 465 2626 062
500 2578 607 2644 aequo
631 2561 809 2642 animoque
833 2559 974 2642 agedum
1000 2559 1111 2642 dignis
1136 2558 1286 2625 concede

254 2748 255 2751 Ἴ
316 2668 355 2734 lV
401 2666 467 2732 273
504 2666 603 2732 multa
628 2664 770 2749 facitque
794 2665 875 2730 ioris
900 2685 939 2731 ex
963 2666 1103 2731 aedibus
1130 2672 1164 2731 ut
1189 2665 1368 2731 uideantur.

399 2773 464 2840 824
500 2772 653 2857 elingere,
679 2792 819 2838 errorem
847 2776 1020 2856 vitareque.

378 2881 465 2947 1010
501 2886 724 2964 persectantes
750 2884 908 2962 visaeque
931 2881 1090 2946 volantes.

322 2990 349 3055 V
395 2989 461 3053 080
497 3006 639 3053 crescere
666 2990 808 3069 itemque
832 2987 903 3052 dies
929 2988 1010 3052 licet.

315 3095 353 3161 Vl
400 3096 466 3160 055
501 3093 649 3171 morbida
675 3095 791 3177 visque
815 3093 922 3173 simul,
947 3112 1020 3160 cum
1047 3147 1053 3158 .
1078 3147 1115 3159 ..

376 3203 462 3269 1007
500 3203 652 3284 prolapsa
678 3201 800 3266 cadunt
824 3205 1008 3278 coniuncta,
1033 3200 1071 3266 lit
1096 3208 1194 3286 utque

378 3311 463 3375 1085
500 3316 534 3374 ut
559 3328 636 3374 cava
662 3312 860 3373 conueniant
878 3309 957 3373 haec
980 3310 1075 3385 illius,
1103 3308 1153 3373 illa
1173 3309 1337 3392 huiusque
1354 3312 1436 3375 inter
1452 3329 1496 3376 se.

270 3433 477 3502 0111111571
516 3434 700 3499 ltlamurrae
727 3435 922 3517 pathicoque
946 3433 1150 3517 Caesarique.

269 3558 400 3643 Vergil.
418 3559 474 3625 ecl.
498 3560 546 3623 tias
585 3558 683 3623 altius
708 3564 808 3640 tuque
831 3559 951 3624 cadant
976 3562 1154 3624 summotis
1180 3557 1335 3625 nubibus

269 3686 379 3751 georg.
404 3666 424 3732 ll
452 3685 631 3749 purpureae
657 3668 855 3749 preciaeque.

268 3790 371 3876 Prop.
397 3790 429 3856 111
455 3790 525 3856 2511
566 3791 697 3856 exclusa
725 3793 821 3872 inque
845 3793 948 3856 uicem
975 3789 1083 3855 lastus
1109 3793 1229 3870 patiere
1255 3790 1427 3873 superbos,

313 3899 352 3965 lV
376 3901 425 3965 8n
462 3898 593 3964 reccidit
618 3901 714 3980 inque
739 3917 820 3963 suos
848 3917 961 3964 mensa
987 3901 1105 3980 supina
1133 3898 1243 3980 pedes

270 4023 449 4090 1111111170
485 4023 617 4106 Stygias
643 4023 816 4105 undasque
839 4030 1007 4088 canentes

376 4130 439 4196 172
475 4130 638 4212 trepidant
664 4130 826 4212 urbesque
851 4130 1002 4195 caducae.

374 4239 437 4303 401
475 4256 557 4320 opes
581 4236 760 4321 facilesque
784 4238 846 4302 sibi
874 4237 988 4302 induit,

266 4362 267 4369 ¹
374 4344 439 4410 520
474 4344 587 4410 eadem
614 4362 734 4428 perque
758 4346 868 4409 omnia
895 4349 1019 4408 terrast.

374 4451 439 4517 500
473 4470 609 4533 operum
634 4451 814 4533 turbaeque
838 4453 1012 4515 minantur.
